; Number of accounts: 86
2003-01-07 00:00:00 Bestel.: 20300001 [{DB81215D-FA1B-4D58-8E69-A2753DBA15F5}]
	Assets:3000-Voorraad	€4743.00
	Expenses:7000-Kostprijs_verkopen	€-4743.00
	Assets:3000-Voorraad	€-4743.00
	Expenses:7000-Kostprijs_verkopen	€4743.00
2003-01-07 00:00:00 Bestel.: 20300001 [{DE83CBCB-5925-4873-BCF6-95C30FFA8D21}]
	Assets:3000-Voorraad	€-225.00
	Expenses:7000-Kostprijs_verkopen	€225.00
	Assets:3000-Voorraad	€-1575.00
	Expenses:7000-Kostprijs_verkopen	€1575.00
	Assets:3000-Voorraad	€-45.00
	Expenses:7000-Kostprijs_verkopen	€45.00
	Assets:3000-Voorraad	€-150.00
	Expenses:7000-Kostprijs_verkopen	€150.00
	Assets:3000-Voorraad	€-120.00
	Expenses:7000-Kostprijs_verkopen	€120.00
	Assets:3000-Voorraad	€-420.00
	Expenses:7000-Kostprijs_verkopen	€420.00
	Assets:3000-Voorraad	€-277.50
	Expenses:7000-Kostprijs_verkopen	€277.50
	Assets:3000-Voorraad	€-130.50
	Expenses:7000-Kostprijs_verkopen	€130.50
	Assets:5000-Dekking_uren	€-227.93
	Expenses:7000-Kostprijs_verkopen	€227.93
2003-01-07 00:00:00 Bestel.: 20300001 [{07BE6CDC-C5D8-4850-AAAA-A09467DB03A4}]
	Assets:3000-Voorraad	€316.20
	Expenses:7000-Kostprijs_verkopen	€-316.20
	Assets:3000-Voorraad	€316.20
	Expenses:7000-Kostprijs_verkopen	€-316.20
	Assets:3000-Voorraad	€316.20
	Expenses:7000-Kostprijs_verkopen	€-316.20
	Assets:3000-Voorraad	€316.20
	Expenses:7000-Kostprijs_verkopen	€-316.20
	Assets:3000-Voorraad	€316.20
	Expenses:7000-Kostprijs_verkopen	€-316.20
	Assets:3000-Voorraad	€316.20
	Expenses:7000-Kostprijs_verkopen	€-316.20
	Assets:3000-Voorraad	€316.20
	Expenses:7000-Kostprijs_verkopen	€-316.20
	Assets:3000-Voorraad	€316.20
	Expenses:7000-Kostprijs_verkopen	€-316.20
	Assets:3000-Voorraad	€316.20
	Expenses:7000-Kostprijs_verkopen	€-316.20
	Assets:3000-Voorraad	€316.20
	Expenses:7000-Kostprijs_verkopen	€-316.20
	Assets:3000-Voorraad	€316.20
	Expenses:7000-Kostprijs_verkopen	€-316.20
	Assets:3000-Voorraad	€316.20
	Expenses:7000-Kostprijs_verkopen	€-316.20
	Assets:3000-Voorraad	€316.20
	Expenses:7000-Kostprijs_verkopen	€-316.20
	Assets:3000-Voorraad	€316.20
	Expenses:7000-Kostprijs_verkopen	€-316.20
	Assets:3000-Voorraad	€316.20
	Expenses:7000-Kostprijs_verkopen	€-316.20
2003-01-07 00:00:00  [{5CCA16F2-55E0-4AB2-982B-526CAA598231}]
	Assets:3000-Voorraad	€-316.20
	Expenses:7000-Kostprijs_verkopen	€316.20
	Assets:3000-Voorraad	€-316.20
	Expenses:7000-Kostprijs_verkopen	€316.20
	Assets:3000-Voorraad	€-316.20
	Expenses:7000-Kostprijs_verkopen	€316.20
	Assets:3000-Voorraad	€-316.20
	Expenses:7000-Kostprijs_verkopen	€316.20
	Assets:3000-Voorraad	€-316.20
	Expenses:7000-Kostprijs_verkopen	€316.20
	Assets:3000-Voorraad	€-316.20
	Expenses:7000-Kostprijs_verkopen	€316.20
	Assets:3000-Voorraad	€-316.20
	Expenses:7000-Kostprijs_verkopen	€316.20
	Assets:3000-Voorraad	€-316.20
	Expenses:7000-Kostprijs_verkopen	€316.20
	Assets:3000-Voorraad	€-316.20
	Expenses:7000-Kostprijs_verkopen	€316.20
	Assets:3000-Voorraad	€-316.20
	Expenses:7000-Kostprijs_verkopen	€316.20
	Assets:3000-Voorraad	€-316.20
	Expenses:7000-Kostprijs_verkopen	€316.20
	Assets:3000-Voorraad	€-316.20
	Expenses:7000-Kostprijs_verkopen	€316.20
	Assets:3000-Voorraad	€-316.20
	Expenses:7000-Kostprijs_verkopen	€316.20
	Assets:3000-Voorraad	€-316.20
	Expenses:7000-Kostprijs_verkopen	€316.20
	Assets:3000-Voorraad	€-316.20
	Expenses:7000-Kostprijs_verkopen	€316.20
2003-01-21 00:00:00 Service: 1 [{A84D29D7-B221-4126-BF92-B0BA8CE99E6E}]
	Assets:5000-Dekking_uren	€-39.92
	Expenses:7000-Kostprijs_verkopen	€39.92
2003-01-06 00:00:00 Bestel.: 20300003 [{74A791D7-4A2C-4878-B00D-1E67A295B054}]
	Assets:3000-Voorraad	€316.20
	Expenses:7000-Kostprijs_verkopen	€-316.20
	Assets:3000-Voorraad	€316.20
	Expenses:7000-Kostprijs_verkopen	€-316.20
	Assets:3000-Voorraad	€316.20
	Expenses:7000-Kostprijs_verkopen	€-316.20
	Assets:3000-Voorraad	€316.20
	Expenses:7000-Kostprijs_verkopen	€-316.20
	Assets:3000-Voorraad	€316.20
	Expenses:7000-Kostprijs_verkopen	€-316.20
	Assets:3000-Voorraad	€316.20
	Expenses:7000-Kostprijs_verkopen	€-316.20
	Assets:3000-Voorraad	€316.20
	Expenses:7000-Kostprijs_verkopen	€-316.20
	Assets:3000-Voorraad	€316.20
	Expenses:7000-Kostprijs_verkopen	€-316.20
	Assets:3000-Voorraad	€316.20
	Expenses:7000-Kostprijs_verkopen	€-316.20
	Assets:3000-Voorraad	€316.20
	Expenses:7000-Kostprijs_verkopen	€-316.20
	Assets:3000-Voorraad	€316.20
	Expenses:7000-Kostprijs_verkopen	€-316.20
	Assets:3000-Voorraad	€316.20
	Expenses:7000-Kostprijs_verkopen	€-316.20
	Assets:3000-Voorraad	€316.20
	Expenses:7000-Kostprijs_verkopen	€-316.20
	Assets:3000-Voorraad	€316.20
	Expenses:7000-Kostprijs_verkopen	€-316.20
	Assets:3000-Voorraad	€316.20
	Expenses:7000-Kostprijs_verkopen	€-316.20
	Assets:3000-Voorraad	€316.20
	Expenses:7000-Kostprijs_verkopen	€-316.20
	Assets:3000-Voorraad	€316.20
	Expenses:7000-Kostprijs_verkopen	€-316.20
	Assets:3000-Voorraad	€316.20
	Expenses:7000-Kostprijs_verkopen	€-316.20
	Assets:3000-Voorraad	€316.20
	Expenses:7000-Kostprijs_verkopen	€-316.20
	Assets:3000-Voorraad	€316.20
	Expenses:7000-Kostprijs_verkopen	€-316.20
	Assets:3000-Voorraad	€316.20
	Expenses:7000-Kostprijs_verkopen	€-316.20
	Assets:3000-Voorraad	€316.20
	Expenses:7000-Kostprijs_verkopen	€-316.20
	Assets:3000-Voorraad	€316.20
	Expenses:7000-Kostprijs_verkopen	€-316.20
	Assets:3000-Voorraad	€316.20
	Expenses:7000-Kostprijs_verkopen	€-316.20
	Assets:3000-Voorraad	€316.20
	Expenses:7000-Kostprijs_verkopen	€-316.20
	Assets:3000-Voorraad	€316.20
	Expenses:7000-Kostprijs_verkopen	€-316.20
	Assets:3000-Voorraad	€316.20
	Expenses:7000-Kostprijs_verkopen	€-316.20
	Assets:3000-Voorraad	€316.20
	Expenses:7000-Kostprijs_verkopen	€-316.20
	Assets:3000-Voorraad	€316.20
	Expenses:7000-Kostprijs_verkopen	€-316.20
	Assets:3000-Voorraad	€316.20
	Expenses:7000-Kostprijs_verkopen	€-316.20
	Assets:3000-Voorraad	€316.20
	Expenses:7000-Kostprijs_verkopen	€-316.20
	Assets:3000-Voorraad	€316.20
	Expenses:7000-Kostprijs_verkopen	€-316.20
	Assets:3000-Voorraad	€316.20
	Expenses:7000-Kostprijs_verkopen	€-316.20
	Assets:3000-Voorraad	€316.20
	Expenses:7000-Kostprijs_verkopen	€-316.20
	Assets:3000-Voorraad	€316.20
	Expenses:7000-Kostprijs_verkopen	€-316.20
	Assets:3000-Voorraad	€316.20
	Expenses:7000-Kostprijs_verkopen	€-316.20
	Assets:3000-Voorraad	€316.20
	Expenses:7000-Kostprijs_verkopen	€-316.20
	Assets:3000-Voorraad	€316.20
	Expenses:7000-Kostprijs_verkopen	€-316.20
	Assets:3000-Voorraad	€316.20
	Expenses:7000-Kostprijs_verkopen	€-316.20
	Assets:3000-Voorraad	€316.20
	Expenses:7000-Kostprijs_verkopen	€-316.20
	Assets:3000-Voorraad	€316.20
	Expenses:7000-Kostprijs_verkopen	€-316.20
	Assets:3000-Voorraad	€316.20
	Expenses:7000-Kostprijs_verkopen	€-316.20
	Assets:3000-Voorraad	€316.20
	Expenses:7000-Kostprijs_verkopen	€-316.20
	Assets:3000-Voorraad	€316.20
	Expenses:7000-Kostprijs_verkopen	€-316.20
	Assets:3000-Voorraad	€316.20
	Expenses:7000-Kostprijs_verkopen	€-316.20
	Assets:3000-Voorraad	€316.20
	Expenses:7000-Kostprijs_verkopen	€-316.20
	Assets:3000-Voorraad	€316.20
	Expenses:7000-Kostprijs_verkopen	€-316.20
	Assets:3000-Voorraad	€316.20
	Expenses:7000-Kostprijs_verkopen	€-316.20
	Assets:3000-Voorraad	€316.20
	Expenses:7000-Kostprijs_verkopen	€-316.20
	Assets:3000-Voorraad	€316.20
	Expenses:7000-Kostprijs_verkopen	€-316.20
	Assets:3000-Voorraad	€316.20
	Expenses:7000-Kostprijs_verkopen	€-316.20
	Assets:3000-Voorraad	€316.20
	Expenses:7000-Kostprijs_verkopen	€-316.20
	Assets:3000-Voorraad	€316.20
	Expenses:7000-Kostprijs_verkopen	€-316.20
	Assets:3000-Voorraad	€316.20
	Expenses:7000-Kostprijs_verkopen	€-316.20
	Assets:3000-Voorraad	€316.20
	Expenses:7000-Kostprijs_verkopen	€-316.20
	Assets:3000-Voorraad	€316.20
	Expenses:7000-Kostprijs_verkopen	€-316.20
	Assets:3000-Voorraad	€316.20
	Expenses:7000-Kostprijs_verkopen	€-316.20
	Assets:3000-Voorraad	€316.20
	Expenses:7000-Kostprijs_verkopen	€-316.20
	Assets:3000-Voorraad	€316.20
	Expenses:7000-Kostprijs_verkopen	€-316.20
	Assets:3000-Voorraad	€316.20
	Expenses:7000-Kostprijs_verkopen	€-316.20
	Assets:3000-Voorraad	€316.20
	Expenses:7000-Kostprijs_verkopen	€-316.20
	Assets:3000-Voorraad	€316.20
	Expenses:7000-Kostprijs_verkopen	€-316.20
	Assets:3000-Voorraad	€316.20
	Expenses:7000-Kostprijs_verkopen	€-316.20
	Assets:3000-Voorraad	€316.20
	Expenses:7000-Kostprijs_verkopen	€-316.20
	Assets:3000-Voorraad	€316.20
	Expenses:7000-Kostprijs_verkopen	€-316.20
	Assets:3000-Voorraad	€316.20
	Expenses:7000-Kostprijs_verkopen	€-316.20
	Assets:3000-Voorraad	€316.20
	Expenses:7000-Kostprijs_verkopen	€-316.20
	Assets:3000-Voorraad	€316.20
	Expenses:7000-Kostprijs_verkopen	€-316.20
	Assets:3000-Voorraad	€316.20
	Expenses:7000-Kostprijs_verkopen	€-316.20
	Assets:3000-Voorraad	€316.20
	Expenses:7000-Kostprijs_verkopen	€-316.20
	Assets:3000-Voorraad	€316.20
	Expenses:7000-Kostprijs_verkopen	€-316.20
	Assets:3000-Voorraad	€316.20
	Expenses:7000-Kostprijs_verkopen	€-316.20
	Assets:3000-Voorraad	€316.20
	Expenses:7000-Kostprijs_verkopen	€-316.20
	Assets:3000-Voorraad	€316.20
	Expenses:7000-Kostprijs_verkopen	€-316.20
	Assets:3000-Voorraad	€316.20
	Expenses:7000-Kostprijs_verkopen	€-316.20
	Assets:3000-Voorraad	€316.20
	Expenses:7000-Kostprijs_verkopen	€-316.20
	Assets:3000-Voorraad	€316.20
	Expenses:7000-Kostprijs_verkopen	€-316.20
	Assets:3000-Voorraad	€316.20
	Expenses:7000-Kostprijs_verkopen	€-316.20
	Assets:3000-Voorraad	€316.20
	Expenses:7000-Kostprijs_verkopen	€-316.20
	Assets:3000-Voorraad	€316.20
	Expenses:7000-Kostprijs_verkopen	€-316.20
	Assets:3000-Voorraad	€316.20
	Expenses:7000-Kostprijs_verkopen	€-316.20
	Assets:3000-Voorraad	€316.20
	Expenses:7000-Kostprijs_verkopen	€-316.20
	Assets:3000-Voorraad	€316.20
	Expenses:7000-Kostprijs_verkopen	€-316.20
	Assets:3000-Voorraad	€316.20
	Expenses:7000-Kostprijs_verkopen	€-316.20
	Assets:3000-Voorraad	€316.20
	Expenses:7000-Kostprijs_verkopen	€-316.20
	Assets:3000-Voorraad	€316.20
	Expenses:7000-Kostprijs_verkopen	€-316.20
	Assets:3000-Voorraad	€316.20
	Expenses:7000-Kostprijs_verkopen	€-316.20
	Assets:3000-Voorraad	€316.20
	Expenses:7000-Kostprijs_verkopen	€-316.20
	Assets:3000-Voorraad	€316.20
	Expenses:7000-Kostprijs_verkopen	€-316.20
	Assets:3000-Voorraad	€316.20
	Expenses:7000-Kostprijs_verkopen	€-316.20
	Assets:3000-Voorraad	€316.20
	Expenses:7000-Kostprijs_verkopen	€-316.20
	Assets:3000-Voorraad	€316.20
	Expenses:7000-Kostprijs_verkopen	€-316.20
	Assets:3000-Voorraad	€316.20
	Expenses:7000-Kostprijs_verkopen	€-316.20
	Assets:3000-Voorraad	€316.20
	Expenses:7000-Kostprijs_verkopen	€-316.20
	Assets:3000-Voorraad	€316.20
	Expenses:7000-Kostprijs_verkopen	€-316.20
	Assets:3000-Voorraad	€316.20
	Expenses:7000-Kostprijs_verkopen	€-316.20
	Assets:3000-Voorraad	€316.20
	Expenses:7000-Kostprijs_verkopen	€-316.20
	Assets:3000-Voorraad	€316.20
	Expenses:7000-Kostprijs_verkopen	€-316.20
	Assets:3000-Voorraad	€316.20
	Expenses:7000-Kostprijs_verkopen	€-316.20
	Assets:3000-Voorraad	€316.20
	Expenses:7000-Kostprijs_verkopen	€-316.20
	Assets:3000-Voorraad	€316.20
	Expenses:7000-Kostprijs_verkopen	€-316.20
	Assets:3000-Voorraad	€316.20
	Expenses:7000-Kostprijs_verkopen	€-316.20
	Assets:3000-Voorraad	€316.20
	Expenses:7000-Kostprijs_verkopen	€-316.20
	Assets:3000-Voorraad	€316.20
	Expenses:7000-Kostprijs_verkopen	€-316.20
	Assets:3000-Voorraad	€316.20
	Expenses:7000-Kostprijs_verkopen	€-316.20
	Assets:3000-Voorraad	€316.20
	Expenses:7000-Kostprijs_verkopen	€-316.20
	Assets:3000-Voorraad	€316.20
	Expenses:7000-Kostprijs_verkopen	€-316.20
	Assets:3000-Voorraad	€316.20
	Expenses:7000-Kostprijs_verkopen	€-316.20
	Assets:3000-Voorraad	€316.20
	Expenses:7000-Kostprijs_verkopen	€-316.20
	Assets:3000-Voorraad	€316.20
	Expenses:7000-Kostprijs_verkopen	€-316.20
	Assets:3000-Voorraad	€316.20
	Expenses:7000-Kostprijs_verkopen	€-316.20
	Assets:3000-Voorraad	€316.20
	Expenses:7000-Kostprijs_verkopen	€-316.20
	Assets:3000-Voorraad	€316.20
	Expenses:7000-Kostprijs_verkopen	€-316.20
	Assets:3000-Voorraad	€316.20
	Expenses:7000-Kostprijs_verkopen	€-316.20
	Assets:3000-Voorraad	€316.20
	Expenses:7000-Kostprijs_verkopen	€-316.20
	Assets:3000-Voorraad	€316.20
	Expenses:7000-Kostprijs_verkopen	€-316.20
	Assets:3000-Voorraad	€316.20
	Expenses:7000-Kostprijs_verkopen	€-316.20
	Assets:3000-Voorraad	€316.20
	Expenses:7000-Kostprijs_verkopen	€-316.20
	Assets:3000-Voorraad	€316.20
	Expenses:7000-Kostprijs_verkopen	€-316.20
	Assets:3000-Voorraad	€316.20
	Expenses:7000-Kostprijs_verkopen	€-316.20
	Assets:3000-Voorraad	€316.20
	Expenses:7000-Kostprijs_verkopen	€-316.20
	Assets:3000-Voorraad	€316.20
	Expenses:7000-Kostprijs_verkopen	€-316.20
	Assets:3000-Voorraad	€316.20
	Expenses:7000-Kostprijs_verkopen	€-316.20
	Assets:3000-Voorraad	€316.20
	Expenses:7000-Kostprijs_verkopen	€-316.20
	Assets:3000-Voorraad	€316.20
	Expenses:7000-Kostprijs_verkopen	€-316.20
	Assets:3000-Voorraad	€316.20
	Expenses:7000-Kostprijs_verkopen	€-316.20
	Assets:3000-Voorraad	€316.20
	Expenses:7000-Kostprijs_verkopen	€-316.20
	Assets:3000-Voorraad	€316.20
	Expenses:7000-Kostprijs_verkopen	€-316.20
	Assets:3000-Voorraad	€316.20
	Expenses:7000-Kostprijs_verkopen	€-316.20
	Assets:3000-Voorraad	€316.20
	Expenses:7000-Kostprijs_verkopen	€-316.20
	Assets:3000-Voorraad	€316.20
	Expenses:7000-Kostprijs_verkopen	€-316.20
	Assets:3000-Voorraad	€316.20
	Expenses:7000-Kostprijs_verkopen	€-316.20
	Assets:3000-Voorraad	€316.20
	Expenses:7000-Kostprijs_verkopen	€-316.20
	Assets:3000-Voorraad	€316.20
	Expenses:7000-Kostprijs_verkopen	€-316.20
	Assets:3000-Voorraad	€316.20
	Expenses:7000-Kostprijs_verkopen	€-316.20
	Assets:3000-Voorraad	€316.20
	Expenses:7000-Kostprijs_verkopen	€-316.20
	Assets:3000-Voorraad	€316.20
	Expenses:7000-Kostprijs_verkopen	€-316.20
	Assets:3000-Voorraad	€316.20
	Expenses:7000-Kostprijs_verkopen	€-316.20
	Assets:3000-Voorraad	€316.20
	Expenses:7000-Kostprijs_verkopen	€-316.20
	Assets:3000-Voorraad	€316.20
	Expenses:7000-Kostprijs_verkopen	€-316.20
	Assets:3000-Voorraad	€316.20
	Expenses:7000-Kostprijs_verkopen	€-316.20
	Assets:3000-Voorraad	€316.20
	Expenses:7000-Kostprijs_verkopen	€-316.20
	Assets:3000-Voorraad	€316.20
	Expenses:7000-Kostprijs_verkopen	€-316.20
	Assets:3000-Voorraad	€316.20
	Expenses:7000-Kostprijs_verkopen	€-316.20
	Assets:3000-Voorraad	€316.20
	Expenses:7000-Kostprijs_verkopen	€-316.20
	Assets:3000-Voorraad	€316.20
	Expenses:7000-Kostprijs_verkopen	€-316.20
	Assets:3000-Voorraad	€316.20
	Expenses:7000-Kostprijs_verkopen	€-316.20
	Assets:3000-Voorraad	€316.20
	Expenses:7000-Kostprijs_verkopen	€-316.20
	Assets:3000-Voorraad	€316.20
	Expenses:7000-Kostprijs_verkopen	€-316.20
	Assets:3000-Voorraad	€316.20
	Expenses:7000-Kostprijs_verkopen	€-316.20
2003-01-06 00:00:00 Bestel.: 20300005 [{BD646B03-7C9E-49F0-965C-9297B254F72B}]
	Assets:3000-Voorraad	€316.20
	Expenses:7000-Kostprijs_verkopen	€-316.20
	Assets:3000-Voorraad	€316.20
	Expenses:7000-Kostprijs_verkopen	€-316.20
	Assets:3000-Voorraad	€316.20
	Expenses:7000-Kostprijs_verkopen	€-316.20
	Assets:3000-Voorraad	€316.20
	Expenses:7000-Kostprijs_verkopen	€-316.20
	Assets:3000-Voorraad	€316.20
	Expenses:7000-Kostprijs_verkopen	€-316.20
	Assets:3000-Voorraad	€316.20
	Expenses:7000-Kostprijs_verkopen	€-316.20
	Assets:3000-Voorraad	€316.20
	Expenses:7000-Kostprijs_verkopen	€-316.20
	Assets:3000-Voorraad	€316.20
	Expenses:7000-Kostprijs_verkopen	€-316.20
	Assets:3000-Voorraad	€316.20
	Expenses:7000-Kostprijs_verkopen	€-316.20
	Assets:3000-Voorraad	€316.20
	Expenses:7000-Kostprijs_verkopen	€-316.20
	Assets:3000-Voorraad	€316.20
	Expenses:7000-Kostprijs_verkopen	€-316.20
	Assets:3000-Voorraad	€316.20
	Expenses:7000-Kostprijs_verkopen	€-316.20
	Assets:3000-Voorraad	€316.20
	Expenses:7000-Kostprijs_verkopen	€-316.20
	Assets:3000-Voorraad	€316.20
	Expenses:7000-Kostprijs_verkopen	€-316.20
	Assets:3000-Voorraad	€316.20
	Expenses:7000-Kostprijs_verkopen	€-316.20
	Assets:3000-Voorraad	€316.20
	Expenses:7000-Kostprijs_verkopen	€-316.20
	Assets:3000-Voorraad	€316.20
	Expenses:7000-Kostprijs_verkopen	€-316.20
	Assets:3000-Voorraad	€316.20
	Expenses:7000-Kostprijs_verkopen	€-316.20
	Assets:3000-Voorraad	€316.20
	Expenses:7000-Kostprijs_verkopen	€-316.20
	Assets:3000-Voorraad	€316.20
	Expenses:7000-Kostprijs_verkopen	€-316.20
	Assets:3000-Voorraad	€316.20
	Expenses:7000-Kostprijs_verkopen	€-316.20
	Assets:3000-Voorraad	€316.20
	Expenses:7000-Kostprijs_verkopen	€-316.20
	Assets:3000-Voorraad	€316.20
	Expenses:7000-Kostprijs_verkopen	€-316.20
	Assets:3000-Voorraad	€316.20
	Expenses:7000-Kostprijs_verkopen	€-316.20
	Assets:3000-Voorraad	€316.20
	Expenses:7000-Kostprijs_verkopen	€-316.20
	Assets:3000-Voorraad	€316.20
	Expenses:7000-Kostprijs_verkopen	€-316.20
	Assets:3000-Voorraad	€316.20
	Expenses:7000-Kostprijs_verkopen	€-316.20
	Assets:3000-Voorraad	€316.20
	Expenses:7000-Kostprijs_verkopen	€-316.20
	Assets:3000-Voorraad	€316.20
	Expenses:7000-Kostprijs_verkopen	€-316.20
	Assets:3000-Voorraad	€316.20
	Expenses:7000-Kostprijs_verkopen	€-316.20
	Assets:3000-Voorraad	€316.20
	Expenses:7000-Kostprijs_verkopen	€-316.20
	Assets:3000-Voorraad	€316.20
	Expenses:7000-Kostprijs_verkopen	€-316.20
	Assets:3000-Voorraad	€316.20
	Expenses:7000-Kostprijs_verkopen	€-316.20
	Assets:3000-Voorraad	€316.20
	Expenses:7000-Kostprijs_verkopen	€-316.20
	Assets:3000-Voorraad	€316.20
	Expenses:7000-Kostprijs_verkopen	€-316.20
	Assets:3000-Voorraad	€316.20
	Expenses:7000-Kostprijs_verkopen	€-316.20
	Assets:3000-Voorraad	€316.20
	Expenses:7000-Kostprijs_verkopen	€-316.20
	Assets:3000-Voorraad	€316.20
	Expenses:7000-Kostprijs_verkopen	€-316.20
	Assets:3000-Voorraad	€316.20
	Expenses:7000-Kostprijs_verkopen	€-316.20
	Assets:3000-Voorraad	€316.20
	Expenses:7000-Kostprijs_verkopen	€-316.20
	Assets:3000-Voorraad	€316.20
	Expenses:7000-Kostprijs_verkopen	€-316.20
	Assets:3000-Voorraad	€316.20
	Expenses:7000-Kostprijs_verkopen	€-316.20
	Assets:3000-Voorraad	€316.20
	Expenses:7000-Kostprijs_verkopen	€-316.20
	Assets:3000-Voorraad	€316.20
	Expenses:7000-Kostprijs_verkopen	€-316.20
	Assets:3000-Voorraad	€316.20
	Expenses:7000-Kostprijs_verkopen	€-316.20
	Assets:3000-Voorraad	€316.20
	Expenses:7000-Kostprijs_verkopen	€-316.20
	Assets:3000-Voorraad	€316.20
	Expenses:7000-Kostprijs_verkopen	€-316.20
	Assets:3000-Voorraad	€316.20
	Expenses:7000-Kostprijs_verkopen	€-316.20
	Assets:3000-Voorraad	€316.20
	Expenses:7000-Kostprijs_verkopen	€-316.20
	Assets:3000-Voorraad	€316.20
	Expenses:7000-Kostprijs_verkopen	€-316.20
	Assets:3000-Voorraad	€316.20
	Expenses:7000-Kostprijs_verkopen	€-316.20
	Assets:3000-Voorraad	€316.20
	Expenses:7000-Kostprijs_verkopen	€-316.20
	Assets:3000-Voorraad	€316.20
	Expenses:7000-Kostprijs_verkopen	€-316.20
	Assets:3000-Voorraad	€316.20
	Expenses:7000-Kostprijs_verkopen	€-316.20
	Assets:3000-Voorraad	€316.20
	Expenses:7000-Kostprijs_verkopen	€-316.20
	Assets:3000-Voorraad	€316.20
	Expenses:7000-Kostprijs_verkopen	€-316.20
	Assets:3000-Voorraad	€316.20
	Expenses:7000-Kostprijs_verkopen	€-316.20
	Assets:3000-Voorraad	€316.20
	Expenses:7000-Kostprijs_verkopen	€-316.20
	Assets:3000-Voorraad	€316.20
	Expenses:7000-Kostprijs_verkopen	€-316.20
	Assets:3000-Voorraad	€316.20
	Expenses:7000-Kostprijs_verkopen	€-316.20
	Assets:3000-Voorraad	€316.20
	Expenses:7000-Kostprijs_verkopen	€-316.20
	Assets:3000-Voorraad	€316.20
	Expenses:7000-Kostprijs_verkopen	€-316.20
	Assets:3000-Voorraad	€316.20
	Expenses:7000-Kostprijs_verkopen	€-316.20
	Assets:3000-Voorraad	€316.20
	Expenses:7000-Kostprijs_verkopen	€-316.20
	Assets:3000-Voorraad	€316.20
	Expenses:7000-Kostprijs_verkopen	€-316.20
	Assets:3000-Voorraad	€316.20
	Expenses:7000-Kostprijs_verkopen	€-316.20
	Assets:3000-Voorraad	€316.20
	Expenses:7000-Kostprijs_verkopen	€-316.20
	Assets:3000-Voorraad	€316.20
	Expenses:7000-Kostprijs_verkopen	€-316.20
	Assets:3000-Voorraad	€316.20
	Expenses:7000-Kostprijs_verkopen	€-316.20
	Assets:3000-Voorraad	€316.20
	Expenses:7000-Kostprijs_verkopen	€-316.20
	Assets:3000-Voorraad	€316.20
	Expenses:7000-Kostprijs_verkopen	€-316.20
	Assets:3000-Voorraad	€316.20
	Expenses:7000-Kostprijs_verkopen	€-316.20
	Assets:3000-Voorraad	€316.20
	Expenses:7000-Kostprijs_verkopen	€-316.20
	Assets:3000-Voorraad	€316.20
	Expenses:7000-Kostprijs_verkopen	€-316.20
	Assets:3000-Voorraad	€316.20
	Expenses:7000-Kostprijs_verkopen	€-316.20
	Assets:3000-Voorraad	€316.20
	Expenses:7000-Kostprijs_verkopen	€-316.20
	Assets:3000-Voorraad	€316.20
	Expenses:7000-Kostprijs_verkopen	€-316.20
	Assets:3000-Voorraad	€316.20
	Expenses:7000-Kostprijs_verkopen	€-316.20
	Assets:3000-Voorraad	€316.20
	Expenses:7000-Kostprijs_verkopen	€-316.20
	Assets:3000-Voorraad	€316.20
	Expenses:7000-Kostprijs_verkopen	€-316.20
	Assets:3000-Voorraad	€316.20
	Expenses:7000-Kostprijs_verkopen	€-316.20
	Assets:3000-Voorraad	€316.20
	Expenses:7000-Kostprijs_verkopen	€-316.20
	Assets:3000-Voorraad	€316.20
	Expenses:7000-Kostprijs_verkopen	€-316.20
	Assets:3000-Voorraad	€316.20
	Expenses:7000-Kostprijs_verkopen	€-316.20
	Assets:3000-Voorraad	€316.20
	Expenses:7000-Kostprijs_verkopen	€-316.20
	Assets:3000-Voorraad	€316.20
	Expenses:7000-Kostprijs_verkopen	€-316.20
	Assets:3000-Voorraad	€316.20
	Expenses:7000-Kostprijs_verkopen	€-316.20
	Assets:3000-Voorraad	€316.20
	Expenses:7000-Kostprijs_verkopen	€-316.20
	Assets:3000-Voorraad	€316.20
	Expenses:7000-Kostprijs_verkopen	€-316.20
	Assets:3000-Voorraad	€316.20
	Expenses:7000-Kostprijs_verkopen	€-316.20
	Assets:3000-Voorraad	€316.20
	Expenses:7000-Kostprijs_verkopen	€-316.20
	Assets:3000-Voorraad	€316.20
	Expenses:7000-Kostprijs_verkopen	€-316.20
	Assets:3000-Voorraad	€316.20
	Expenses:7000-Kostprijs_verkopen	€-316.20
	Assets:3000-Voorraad	€316.20
	Expenses:7000-Kostprijs_verkopen	€-316.20
	Assets:3000-Voorraad	€316.20
	Expenses:7000-Kostprijs_verkopen	€-316.20
	Assets:3000-Voorraad	€316.20
	Expenses:7000-Kostprijs_verkopen	€-316.20
	Assets:3000-Voorraad	€316.20
	Expenses:7000-Kostprijs_verkopen	€-316.20
	Assets:3000-Voorraad	€316.20
	Expenses:7000-Kostprijs_verkopen	€-316.20
	Assets:3000-Voorraad	€316.20
	Expenses:7000-Kostprijs_verkopen	€-316.20
	Assets:3000-Voorraad	€316.20
	Expenses:7000-Kostprijs_verkopen	€-316.20
2003-01-06 00:00:00 Bestel.: 20300005 [{7F271F61-0995-42EE-A9F7-F628123DC592}]
	Assets:3000-Voorraad	€-300.00
	Expenses:7000-Kostprijs_verkopen	€300.00
	Assets:3000-Voorraad	€-800.00
	Expenses:7000-Kostprijs_verkopen	€800.00
	Assets:3000-Voorraad	€-870.00
	Expenses:7000-Kostprijs_verkopen	€870.00
	Assets:3000-Voorraad	€-1000.00
	Expenses:7000-Kostprijs_verkopen	€1000.00
	Assets:3000-Voorraad	€-1500.00
	Expenses:7000-Kostprijs_verkopen	€1500.00
	Assets:3000-Voorraad	€-1850.00
	Expenses:7000-Kostprijs_verkopen	€1850.00
	Assets:3000-Voorraad	€-2800.00
	Expenses:7000-Kostprijs_verkopen	€2800.00
	Assets:3000-Voorraad	€-10500.00
	Expenses:7000-Kostprijs_verkopen	€10500.00
	Assets:5000-Dekking_uren	€-12000.00
	Expenses:7000-Kostprijs_verkopen	€12000.00
2003-01-06 00:00:00 Bestel.: 20300007 [{974A42CF-2F64-4BF3-999C-C8D144518CA4}]
	Assets:3000-Voorraad	€-300.00
	Expenses:7000-Kostprijs_verkopen	€300.00
	Assets:3000-Voorraad	€-2100.00
	Expenses:7000-Kostprijs_verkopen	€2100.00
	Assets:3000-Voorraad	€-60.00
	Expenses:7000-Kostprijs_verkopen	€60.00
	Assets:3000-Voorraad	€-200.00
	Expenses:7000-Kostprijs_verkopen	€200.00
	Assets:3000-Voorraad	€-160.00
	Expenses:7000-Kostprijs_verkopen	€160.00
	Assets:3000-Voorraad	€-560.00
	Expenses:7000-Kostprijs_verkopen	€560.00
	Assets:3000-Voorraad	€-370.00
	Expenses:7000-Kostprijs_verkopen	€370.00
	Assets:3000-Voorraad	€-174.00
	Expenses:7000-Kostprijs_verkopen	€174.00
	Assets:5000-Dekking_uren	€-303.90
	Expenses:7000-Kostprijs_verkopen	€303.90
2003-01-07 00:00:00 lopende orders [{147C2250-1FE9-4B1C-9237-A454D00080E7}]
	Assets:3000-Voorraad	€13525.21
	Assets:2400-Nog_te_ontvangen_fakturen/goederen	€-13525.21
	Assets:3000-Voorraad	€470.59
	Assets:2400-Nog_te_ontvangen_fakturen/goederen	€-470.59
	Assets:3000-Voorraad	€7312.50
	Assets:2400-Nog_te_ontvangen_fakturen/goederen	€-7312.50
	Assets:3000-Voorraad	€1730.00
	Assets:2400-Nog_te_ontvangen_fakturen/goederen	€-1730.00
	Assets:3000-Voorraad	€1384.00
	Assets:2400-Nog_te_ontvangen_fakturen/goederen	€-1384.00
2003-01-07 00:00:00 lopende orders [{70D51F54-33D6-4731-A9C3-D99311A029BF}]
	Assets:3000-Voorraad	€3805.00
	Assets:2400-Nog_te_ontvangen_fakturen/goederen	€-3805.00
	Assets:3000-Voorraad	€2439.00
	Assets:2400-Nog_te_ontvangen_fakturen/goederen	€-2439.00
	Assets:3000-Voorraad	€22250.00
	Assets:2400-Nog_te_ontvangen_fakturen/goederen	€-22250.00
2003-01-07 00:00:00 lopende orders [{66E03BF9-3613-43CF-9814-68BD5AA8AEF2}]
	Assets:3000-Voorraad	€1192.40
	Assets:2400-Nog_te_ontvangen_fakturen/goederen	€-1192.40
	Assets:3000-Voorraad	€1040.00
	Assets:2400-Nog_te_ontvangen_fakturen/goederen	€-1040.00
2003-01-07 00:00:00 lopende orders [{47918A6C-6404-4BA4-85D8-8BC51FB156D0}]
	Assets:3000-Voorraad	€2925.00
	Assets:2400-Nog_te_ontvangen_fakturen/goederen	€-2925.00
	Assets:3000-Voorraad	€150.00
	Assets:2400-Nog_te_ontvangen_fakturen/goederen	€-150.00
2003-01-07 00:00:00 lopende orders [{9AD959BC-CD96-4F05-9A3C-8F9F7896120A}]
	Assets:3000-Voorraad	€289.00
	Assets:2400-Nog_te_ontvangen_fakturen/goederen	€-289.00
	Assets:3000-Voorraad	€11160.00
	Assets:2400-Nog_te_ontvangen_fakturen/goederen	€-11160.00
	Assets:3000-Voorraad	€399.00
	Assets:2400-Nog_te_ontvangen_fakturen/goederen	€-399.00
2003-01-07 00:00:00 Bestel.: 20300007 [{A9243969-E474-485A-B604-7EA1B2355390}]
	Assets:3000-Voorraad	€316.20
	Expenses:7000-Kostprijs_verkopen	€-316.20
	Assets:3000-Voorraad	€316.20
	Expenses:7000-Kostprijs_verkopen	€-316.20
	Assets:3000-Voorraad	€316.20
	Expenses:7000-Kostprijs_verkopen	€-316.20
	Assets:3000-Voorraad	€316.20
	Expenses:7000-Kostprijs_verkopen	€-316.20
	Assets:3000-Voorraad	€316.20
	Expenses:7000-Kostprijs_verkopen	€-316.20
	Assets:3000-Voorraad	€316.20
	Expenses:7000-Kostprijs_verkopen	€-316.20
	Assets:3000-Voorraad	€316.20
	Expenses:7000-Kostprijs_verkopen	€-316.20
	Assets:3000-Voorraad	€316.20
	Expenses:7000-Kostprijs_verkopen	€-316.20
	Assets:3000-Voorraad	€316.20
	Expenses:7000-Kostprijs_verkopen	€-316.20
	Assets:3000-Voorraad	€316.20
	Expenses:7000-Kostprijs_verkopen	€-316.20
	Assets:3000-Voorraad	€316.20
	Expenses:7000-Kostprijs_verkopen	€-316.20
	Assets:3000-Voorraad	€316.20
	Expenses:7000-Kostprijs_verkopen	€-316.20
	Assets:3000-Voorraad	€316.20
	Expenses:7000-Kostprijs_verkopen	€-316.20
	Assets:3000-Voorraad	€316.20
	Expenses:7000-Kostprijs_verkopen	€-316.20
	Assets:3000-Voorraad	€316.20
	Expenses:7000-Kostprijs_verkopen	€-316.20
	Assets:3000-Voorraad	€316.20
	Expenses:7000-Kostprijs_verkopen	€-316.20
	Assets:3000-Voorraad	€316.20
	Expenses:7000-Kostprijs_verkopen	€-316.20
	Assets:3000-Voorraad	€316.20
	Expenses:7000-Kostprijs_verkopen	€-316.20
	Assets:3000-Voorraad	€316.20
	Expenses:7000-Kostprijs_verkopen	€-316.20
	Assets:3000-Voorraad	€316.20
	Expenses:7000-Kostprijs_verkopen	€-316.20
2003-01-07 00:00:00 lopende orders [{9AD959BC-CD96-4F05-9A3C-8F9F7896120A}]
	Assets:3000-Voorraad	€289.00
	Assets:2400-Nog_te_ontvangen_fakturen/goederen	€-289.00
	Assets:3000-Voorraad	€289.00
	Assets:2400-Nog_te_ontvangen_fakturen/goederen	€-289.00
	Assets:3000-Voorraad	€289.00
	Assets:2400-Nog_te_ontvangen_fakturen/goederen	€-289.00
	Assets:3000-Voorraad	€289.00
	Assets:2400-Nog_te_ontvangen_fakturen/goederen	€-289.00
	Assets:3000-Voorraad	€289.00
	Assets:2400-Nog_te_ontvangen_fakturen/goederen	€-289.00
	Assets:3000-Voorraad	€289.00
	Assets:2400-Nog_te_ontvangen_fakturen/goederen	€-289.00
	Assets:3000-Voorraad	€289.00
	Assets:2400-Nog_te_ontvangen_fakturen/goederen	€-289.00
	Assets:3000-Voorraad	€289.00
	Assets:2400-Nog_te_ontvangen_fakturen/goederen	€-289.00
	Assets:3000-Voorraad	€289.00
	Assets:2400-Nog_te_ontvangen_fakturen/goederen	€-289.00
	Assets:3000-Voorraad	€289.00
	Assets:2400-Nog_te_ontvangen_fakturen/goederen	€-289.00
	Assets:3000-Voorraad	€289.00
	Assets:2400-Nog_te_ontvangen_fakturen/goederen	€-289.00
	Assets:3000-Voorraad	€289.00
	Assets:2400-Nog_te_ontvangen_fakturen/goederen	€-289.00
	Assets:3000-Voorraad	€289.00
	Assets:2400-Nog_te_ontvangen_fakturen/goederen	€-289.00
	Assets:3000-Voorraad	€289.00
	Assets:2400-Nog_te_ontvangen_fakturen/goederen	€-289.00
	Assets:3000-Voorraad	€289.00
	Assets:2400-Nog_te_ontvangen_fakturen/goederen	€-289.00
	Assets:3000-Voorraad	€289.00
	Assets:2400-Nog_te_ontvangen_fakturen/goederen	€-289.00
	Assets:3000-Voorraad	€289.00
	Assets:2400-Nog_te_ontvangen_fakturen/goederen	€-289.00
	Assets:3000-Voorraad	€289.00
	Assets:2400-Nog_te_ontvangen_fakturen/goederen	€-289.00
	Assets:3000-Voorraad	€289.00
	Assets:2400-Nog_te_ontvangen_fakturen/goederen	€-289.00
	Assets:3000-Voorraad	€289.00
	Assets:2400-Nog_te_ontvangen_fakturen/goederen	€-289.00
	Assets:3000-Voorraad	€289.00
	Assets:2400-Nog_te_ontvangen_fakturen/goederen	€-289.00
	Assets:3000-Voorraad	€289.00
	Assets:2400-Nog_te_ontvangen_fakturen/goederen	€-289.00
	Assets:3000-Voorraad	€289.00
	Assets:2400-Nog_te_ontvangen_fakturen/goederen	€-289.00
	Assets:3000-Voorraad	€289.00
	Assets:2400-Nog_te_ontvangen_fakturen/goederen	€-289.00
2003-01-08 00:00:00 uitlevering order [{A59AD38C-29C2-4556-B2CE-59EAB362B311}]
	Assets:3000-Voorraad	€-750.00
	Expenses:7000-Kostprijs_verkopen	€750.00
	Assets:3000-Voorraad	€-280.00
	Expenses:7000-Kostprijs_verkopen	€280.00
	Assets:3000-Voorraad	€-560.00
	Expenses:7000-Kostprijs_verkopen	€560.00
	Assets:3000-Voorraad	€-4005.00
	Expenses:7000-Kostprijs_verkopen	€4005.00
	Assets:3000-Voorraad	€-316.20
	Expenses:7000-Kostprijs_verkopen	€316.20
	Assets:3000-Voorraad	€-289.00
	Expenses:7000-Kostprijs_verkopen	€289.00
	Assets:3000-Voorraad	€-11160.00
	Expenses:7000-Kostprijs_verkopen	€11160.00
	Assets:3000-Voorraad	€-316.20
	Expenses:7000-Kostprijs_verkopen	€316.20
	Assets:3000-Voorraad	€-316.20
	Expenses:7000-Kostprijs_verkopen	€316.20
	Assets:3000-Voorraad	€-316.20
	Expenses:7000-Kostprijs_verkopen	€316.20
	Assets:3000-Voorraad	€-316.20
	Expenses:7000-Kostprijs_verkopen	€316.20
	Assets:3000-Voorraad	€-316.20
	Expenses:7000-Kostprijs_verkopen	€316.20
	Assets:3000-Voorraad	€-316.20
	Expenses:7000-Kostprijs_verkopen	€316.20
	Assets:3000-Voorraad	€-316.20
	Expenses:7000-Kostprijs_verkopen	€316.20
	Assets:3000-Voorraad	€-316.20
	Expenses:7000-Kostprijs_verkopen	€316.20
	Assets:3000-Voorraad	€-316.20
	Expenses:7000-Kostprijs_verkopen	€316.20
	Assets:3000-Voorraad	€-316.20
	Expenses:7000-Kostprijs_verkopen	€316.20
	Assets:3000-Voorraad	€-316.20
	Expenses:7000-Kostprijs_verkopen	€316.20
	Assets:3000-Voorraad	€-316.20
	Expenses:7000-Kostprijs_verkopen	€316.20
	Assets:3000-Voorraad	€-316.20
	Expenses:7000-Kostprijs_verkopen	€316.20
	Assets:3000-Voorraad	€-316.20
	Expenses:7000-Kostprijs_verkopen	€316.20
	Assets:3000-Voorraad	€-316.20
	Expenses:7000-Kostprijs_verkopen	€316.20
	Assets:3000-Voorraad	€-316.20
	Expenses:7000-Kostprijs_verkopen	€316.20
	Assets:3000-Voorraad	€-316.20
	Expenses:7000-Kostprijs_verkopen	€316.20
	Assets:3000-Voorraad	€-316.20
	Expenses:7000-Kostprijs_verkopen	€316.20
	Assets:3000-Voorraad	€-316.20
	Expenses:7000-Kostprijs_verkopen	€316.20
	Assets:3000-Voorraad	€-289.00
	Expenses:7000-Kostprijs_verkopen	€289.00
	Assets:3000-Voorraad	€-289.00
	Expenses:7000-Kostprijs_verkopen	€289.00
	Assets:3000-Voorraad	€-289.00
	Expenses:7000-Kostprijs_verkopen	€289.00
	Assets:3000-Voorraad	€-289.00
	Expenses:7000-Kostprijs_verkopen	€289.00
	Assets:3000-Voorraad	€-289.00
	Expenses:7000-Kostprijs_verkopen	€289.00
	Assets:3000-Voorraad	€-289.00
	Expenses:7000-Kostprijs_verkopen	€289.00
	Assets:3000-Voorraad	€-289.00
	Expenses:7000-Kostprijs_verkopen	€289.00
	Assets:3000-Voorraad	€-289.00
	Expenses:7000-Kostprijs_verkopen	€289.00
	Assets:3000-Voorraad	€-289.00
	Expenses:7000-Kostprijs_verkopen	€289.00
	Assets:3000-Voorraad	€-289.00
	Expenses:7000-Kostprijs_verkopen	€289.00
	Assets:3000-Voorraad	€-289.00
	Expenses:7000-Kostprijs_verkopen	€289.00
	Assets:3000-Voorraad	€-289.00
	Expenses:7000-Kostprijs_verkopen	€289.00
	Assets:3000-Voorraad	€-289.00
	Expenses:7000-Kostprijs_verkopen	€289.00
	Assets:3000-Voorraad	€-289.00
	Expenses:7000-Kostprijs_verkopen	€289.00
	Assets:3000-Voorraad	€-289.00
	Expenses:7000-Kostprijs_verkopen	€289.00
	Assets:3000-Voorraad	€-289.00
	Expenses:7000-Kostprijs_verkopen	€289.00
	Assets:3000-Voorraad	€-289.00
	Expenses:7000-Kostprijs_verkopen	€289.00
	Assets:3000-Voorraad	€-289.00
	Expenses:7000-Kostprijs_verkopen	€289.00
	Assets:3000-Voorraad	€-289.00
	Expenses:7000-Kostprijs_verkopen	€289.00
	Assets:3000-Voorraad	€-289.00
	Expenses:7000-Kostprijs_verkopen	€289.00
	Assets:3000-Voorraad	€-289.00
	Expenses:7000-Kostprijs_verkopen	€289.00
	Assets:3000-Voorraad	€-289.00
	Expenses:7000-Kostprijs_verkopen	€289.00
	Assets:3000-Voorraad	€-289.00
	Expenses:7000-Kostprijs_verkopen	€289.00
	Assets:3000-Voorraad	€-289.00
	Expenses:7000-Kostprijs_verkopen	€289.00
2003-01-08 00:00:00 bijbest. brochures [{3418F444-34D6-43D9-9C5E-5E9442CBA250}]
	Assets:3000-Voorraad	€1500.00
	Assets:2400-Nog_te_ontvangen_fakturen/goederen	€-1500.00
2003-01-07 00:00:00 lopende orders [{9AD959BC-CD96-4F05-9A3C-8F9F7896120A}]
	Assets:3000-Voorraad	€399.00
	Assets:2400-Nog_te_ontvangen_fakturen/goederen	€-399.00
	Assets:3000-Voorraad	€399.00
	Assets:2400-Nog_te_ontvangen_fakturen/goederen	€-399.00
	Assets:3000-Voorraad	€399.00
	Assets:2400-Nog_te_ontvangen_fakturen/goederen	€-399.00
	Assets:3000-Voorraad	€399.00
	Assets:2400-Nog_te_ontvangen_fakturen/goederen	€-399.00
	Assets:3000-Voorraad	€399.00
	Assets:2400-Nog_te_ontvangen_fakturen/goederen	€-399.00
	Assets:3000-Voorraad	€399.00
	Assets:2400-Nog_te_ontvangen_fakturen/goederen	€-399.00
	Assets:3000-Voorraad	€399.00
	Assets:2400-Nog_te_ontvangen_fakturen/goederen	€-399.00
	Assets:3000-Voorraad	€399.00
	Assets:2400-Nog_te_ontvangen_fakturen/goederen	€-399.00
	Assets:3000-Voorraad	€399.00
	Assets:2400-Nog_te_ontvangen_fakturen/goederen	€-399.00
	Assets:3000-Voorraad	€399.00
	Assets:2400-Nog_te_ontvangen_fakturen/goederen	€-399.00
	Assets:3000-Voorraad	€399.00
	Assets:2400-Nog_te_ontvangen_fakturen/goederen	€-399.00
	Assets:3000-Voorraad	€399.00
	Assets:2400-Nog_te_ontvangen_fakturen/goederen	€-399.00
	Assets:3000-Voorraad	€399.00
	Assets:2400-Nog_te_ontvangen_fakturen/goederen	€-399.00
	Assets:3000-Voorraad	€399.00
	Assets:2400-Nog_te_ontvangen_fakturen/goederen	€-399.00
	Assets:3000-Voorraad	€399.00
	Assets:2400-Nog_te_ontvangen_fakturen/goederen	€-399.00
	Assets:3000-Voorraad	€399.00
	Assets:2400-Nog_te_ontvangen_fakturen/goederen	€-399.00
	Assets:3000-Voorraad	€399.00
	Assets:2400-Nog_te_ontvangen_fakturen/goederen	€-399.00
	Assets:3000-Voorraad	€399.00
	Assets:2400-Nog_te_ontvangen_fakturen/goederen	€-399.00
	Assets:3000-Voorraad	€399.00
	Assets:2400-Nog_te_ontvangen_fakturen/goederen	€-399.00
	Assets:3000-Voorraad	€399.00
	Assets:2400-Nog_te_ontvangen_fakturen/goederen	€-399.00
	Assets:3000-Voorraad	€399.00
	Assets:2400-Nog_te_ontvangen_fakturen/goederen	€-399.00
	Assets:3000-Voorraad	€399.00
	Assets:2400-Nog_te_ontvangen_fakturen/goederen	€-399.00
	Assets:3000-Voorraad	€399.00
	Assets:2400-Nog_te_ontvangen_fakturen/goederen	€-399.00
	Assets:3000-Voorraad	€399.00
	Assets:2400-Nog_te_ontvangen_fakturen/goederen	€-399.00
	Assets:3000-Voorraad	€399.00
	Assets:2400-Nog_te_ontvangen_fakturen/goederen	€-399.00
	Assets:3000-Voorraad	€399.00
	Assets:2400-Nog_te_ontvangen_fakturen/goederen	€-399.00
	Assets:3000-Voorraad	€399.00
	Assets:2400-Nog_te_ontvangen_fakturen/goederen	€-399.00
	Assets:3000-Voorraad	€399.00
	Assets:2400-Nog_te_ontvangen_fakturen/goederen	€-399.00
	Assets:3000-Voorraad	€399.00
	Assets:2400-Nog_te_ontvangen_fakturen/goederen	€-399.00
	Assets:3000-Voorraad	€399.00
	Assets:2400-Nog_te_ontvangen_fakturen/goederen	€-399.00
	Assets:3000-Voorraad	€399.00
	Assets:2400-Nog_te_ontvangen_fakturen/goederen	€-399.00
	Assets:3000-Voorraad	€399.00
	Assets:2400-Nog_te_ontvangen_fakturen/goederen	€-399.00
	Assets:3000-Voorraad	€399.00
	Assets:2400-Nog_te_ontvangen_fakturen/goederen	€-399.00
	Assets:3000-Voorraad	€399.00
	Assets:2400-Nog_te_ontvangen_fakturen/goederen	€-399.00
	Assets:3000-Voorraad	€399.00
	Assets:2400-Nog_te_ontvangen_fakturen/goederen	€-399.00
	Assets:3000-Voorraad	€399.00
	Assets:2400-Nog_te_ontvangen_fakturen/goederen	€-399.00
	Assets:3000-Voorraad	€399.00
	Assets:2400-Nog_te_ontvangen_fakturen/goederen	€-399.00
	Assets:3000-Voorraad	€399.00
	Assets:2400-Nog_te_ontvangen_fakturen/goederen	€-399.00
	Assets:3000-Voorraad	€399.00
	Assets:2400-Nog_te_ontvangen_fakturen/goederen	€-399.00
	Assets:3000-Voorraad	€399.00
	Assets:2400-Nog_te_ontvangen_fakturen/goederen	€-399.00
	Assets:3000-Voorraad	€399.00
	Assets:2400-Nog_te_ontvangen_fakturen/goederen	€-399.00
	Assets:3000-Voorraad	€399.00
	Assets:2400-Nog_te_ontvangen_fakturen/goederen	€-399.00
	Assets:3000-Voorraad	€399.00
	Assets:2400-Nog_te_ontvangen_fakturen/goederen	€-399.00
	Assets:3000-Voorraad	€399.00
	Assets:2400-Nog_te_ontvangen_fakturen/goederen	€-399.00
	Assets:3000-Voorraad	€399.00
	Assets:2400-Nog_te_ontvangen_fakturen/goederen	€-399.00
	Assets:3000-Voorraad	€399.00
	Assets:2400-Nog_te_ontvangen_fakturen/goederen	€-399.00
	Assets:3000-Voorraad	€399.00
	Assets:2400-Nog_te_ontvangen_fakturen/goederen	€-399.00
	Assets:3000-Voorraad	€399.00
	Assets:2400-Nog_te_ontvangen_fakturen/goederen	€-399.00
	Assets:3000-Voorraad	€399.00
	Assets:2400-Nog_te_ontvangen_fakturen/goederen	€-399.00
	Assets:3000-Voorraad	€399.00
	Assets:2400-Nog_te_ontvangen_fakturen/goederen	€-399.00
	Assets:3000-Voorraad	€399.00
	Assets:2400-Nog_te_ontvangen_fakturen/goederen	€-399.00
	Assets:3000-Voorraad	€399.00
	Assets:2400-Nog_te_ontvangen_fakturen/goederen	€-399.00
	Assets:3000-Voorraad	€399.00
	Assets:2400-Nog_te_ontvangen_fakturen/goederen	€-399.00
	Assets:3000-Voorraad	€399.00
	Assets:2400-Nog_te_ontvangen_fakturen/goederen	€-399.00
2003-01-07 00:00:00 lopende orders [{47918A6C-6404-4BA4-85D8-8BC51FB156D0}]
	Assets:3000-Voorraad	€150.00
	Assets:2400-Nog_te_ontvangen_fakturen/goederen	€-150.00
	Assets:3000-Voorraad	€150.00
	Assets:2400-Nog_te_ontvangen_fakturen/goederen	€-150.00
2003-01-09 00:00:00  [{A0C09E5B-E667-4D88-AB8D-58CFC37ECA4E}]
	Assets:3000-Voorraad	€-280.00
	Expenses:7000-Kostprijs_verkopen	€280.00
	Assets:3000-Voorraad	€-200.00
	Expenses:7000-Kostprijs_verkopen	€200.00
	Assets:3000-Voorraad	€-160.00
	Expenses:7000-Kostprijs_verkopen	€160.00
	Assets:3000-Voorraad	€-2670.00
	Expenses:7000-Kostprijs_verkopen	€2670.00
	Assets:3000-Voorraad	€-750.00
	Expenses:7000-Kostprijs_verkopen	€750.00
	Assets:3000-Voorraad	€-150.00
	Expenses:7000-Kostprijs_verkopen	€150.00
	Assets:3000-Voorraad	€-399.00
	Expenses:7000-Kostprijs_verkopen	€399.00
	Assets:3000-Voorraad	€-399.00
	Expenses:7000-Kostprijs_verkopen	€399.00
	Assets:3000-Voorraad	€-399.00
	Expenses:7000-Kostprijs_verkopen	€399.00
	Assets:3000-Voorraad	€-399.00
	Expenses:7000-Kostprijs_verkopen	€399.00
	Assets:3000-Voorraad	€-399.00
	Expenses:7000-Kostprijs_verkopen	€399.00
	Assets:3000-Voorraad	€-150.00
	Expenses:7000-Kostprijs_verkopen	€150.00
	Assets:3000-Voorraad	€-150.00
	Expenses:7000-Kostprijs_verkopen	€150.00
2003-01-09 00:00:00  [{4DC4AFB9-4A39-469D-984E-8781495CE270}]
	Assets:3000-Voorraad	€-175.00
	Expenses:7000-Kostprijs_verkopen	€175.00
	Assets:3000-Voorraad	€-140.00
	Expenses:7000-Kostprijs_verkopen	€140.00
	Assets:3000-Voorraad	€-2225.00
	Expenses:7000-Kostprijs_verkopen	€2225.00
	Assets:3000-Voorraad	€-600.00
	Expenses:7000-Kostprijs_verkopen	€600.00
	Assets:3000-Voorraad	€-399.00
	Expenses:7000-Kostprijs_verkopen	€399.00
	Assets:3000-Voorraad	€-399.00
	Expenses:7000-Kostprijs_verkopen	€399.00
	Assets:3000-Voorraad	€-399.00
	Expenses:7000-Kostprijs_verkopen	€399.00
	Assets:3000-Voorraad	€-399.00
	Expenses:7000-Kostprijs_verkopen	€399.00
	Assets:3000-Voorraad	€-399.00
	Expenses:7000-Kostprijs_verkopen	€399.00
	Assets:3000-Voorraad	€-399.00
	Expenses:7000-Kostprijs_verkopen	€399.00
	Assets:3000-Voorraad	€-399.00
	Expenses:7000-Kostprijs_verkopen	€399.00
	Assets:3000-Voorraad	€-399.00
	Expenses:7000-Kostprijs_verkopen	€399.00
	Assets:3000-Voorraad	€-399.00
	Expenses:7000-Kostprijs_verkopen	€399.00
	Assets:3000-Voorraad	€-399.00
	Expenses:7000-Kostprijs_verkopen	€399.00
	Assets:3000-Voorraad	€-399.00
	Expenses:7000-Kostprijs_verkopen	€399.00
	Assets:3000-Voorraad	€-399.00
	Expenses:7000-Kostprijs_verkopen	€399.00
	Assets:3000-Voorraad	€-399.00
	Expenses:7000-Kostprijs_verkopen	€399.00
	Assets:3000-Voorraad	€-399.00
	Expenses:7000-Kostprijs_verkopen	€399.00
	Assets:3000-Voorraad	€-399.00
	Expenses:7000-Kostprijs_verkopen	€399.00
	Assets:3000-Voorraad	€-399.00
	Expenses:7000-Kostprijs_verkopen	€399.00
	Assets:3000-Voorraad	€-399.00
	Expenses:7000-Kostprijs_verkopen	€399.00
	Assets:3000-Voorraad	€-399.00
	Expenses:7000-Kostprijs_verkopen	€399.00
	Assets:3000-Voorraad	€-399.00
	Expenses:7000-Kostprijs_verkopen	€399.00
	Assets:3000-Voorraad	€-399.00
	Expenses:7000-Kostprijs_verkopen	€399.00
	Assets:3000-Voorraad	€-399.00
	Expenses:7000-Kostprijs_verkopen	€399.00
	Assets:3000-Voorraad	€-399.00
	Expenses:7000-Kostprijs_verkopen	€399.00
	Assets:3000-Voorraad	€-399.00
	Expenses:7000-Kostprijs_verkopen	€399.00
	Assets:3000-Voorraad	€-399.00
	Expenses:7000-Kostprijs_verkopen	€399.00
	Assets:3000-Voorraad	€-399.00
	Expenses:7000-Kostprijs_verkopen	€399.00
	Assets:3000-Voorraad	€-399.00
	Expenses:7000-Kostprijs_verkopen	€399.00
	Assets:3000-Voorraad	€-399.00
	Expenses:7000-Kostprijs_verkopen	€399.00
	Assets:3000-Voorraad	€-399.00
	Expenses:7000-Kostprijs_verkopen	€399.00
	Assets:3000-Voorraad	€-399.00
	Expenses:7000-Kostprijs_verkopen	€399.00
	Assets:3000-Voorraad	€-399.00
	Expenses:7000-Kostprijs_verkopen	€399.00
	Assets:3000-Voorraad	€-399.00
	Expenses:7000-Kostprijs_verkopen	€399.00
	Assets:3000-Voorraad	€-399.00
	Expenses:7000-Kostprijs_verkopen	€399.00
	Assets:3000-Voorraad	€-399.00
	Expenses:7000-Kostprijs_verkopen	€399.00
	Assets:3000-Voorraad	€-399.00
	Expenses:7000-Kostprijs_verkopen	€399.00
	Assets:3000-Voorraad	€-399.00
	Expenses:7000-Kostprijs_verkopen	€399.00
	Assets:3000-Voorraad	€-399.00
	Expenses:7000-Kostprijs_verkopen	€399.00
	Assets:3000-Voorraad	€-399.00
	Expenses:7000-Kostprijs_verkopen	€399.00
	Assets:3000-Voorraad	€-399.00
	Expenses:7000-Kostprijs_verkopen	€399.00
	Assets:3000-Voorraad	€-399.00
	Expenses:7000-Kostprijs_verkopen	€399.00
	Assets:3000-Voorraad	€-399.00
	Expenses:7000-Kostprijs_verkopen	€399.00
	Assets:3000-Voorraad	€-399.00
	Expenses:7000-Kostprijs_verkopen	€399.00
	Assets:3000-Voorraad	€-399.00
	Expenses:7000-Kostprijs_verkopen	€399.00
	Assets:3000-Voorraad	€-399.00
	Expenses:7000-Kostprijs_verkopen	€399.00
	Assets:3000-Voorraad	€-399.00
	Expenses:7000-Kostprijs_verkopen	€399.00
	Assets:3000-Voorraad	€-399.00
	Expenses:7000-Kostprijs_verkopen	€399.00
	Assets:3000-Voorraad	€-399.00
	Expenses:7000-Kostprijs_verkopen	€399.00
	Assets:3000-Voorraad	€-399.00
	Expenses:7000-Kostprijs_verkopen	€399.00
	Assets:3000-Voorraad	€-399.00
	Expenses:7000-Kostprijs_verkopen	€399.00
	Assets:3000-Voorraad	€-399.00
	Expenses:7000-Kostprijs_verkopen	€399.00
	Assets:3000-Voorraad	€-399.00
	Expenses:7000-Kostprijs_verkopen	€399.00
2003-01-09 00:00:00 uitlevering order [{4A27AEF7-144C-4513-B919-896C6600E4E7}]
	Assets:3000-Voorraad	€-316.20
	Expenses:7000-Kostprijs_verkopen	€316.20
	Assets:3000-Voorraad	€-316.20
	Expenses:7000-Kostprijs_verkopen	€316.20
	Assets:3000-Voorraad	€-316.20
	Expenses:7000-Kostprijs_verkopen	€316.20
	Assets:3000-Voorraad	€-316.20
	Expenses:7000-Kostprijs_verkopen	€316.20
	Assets:3000-Voorraad	€-316.20
	Expenses:7000-Kostprijs_verkopen	€316.20
	Assets:3000-Voorraad	€-316.20
	Expenses:7000-Kostprijs_verkopen	€316.20
	Assets:3000-Voorraad	€-316.20
	Expenses:7000-Kostprijs_verkopen	€316.20
	Assets:3000-Voorraad	€-316.20
	Expenses:7000-Kostprijs_verkopen	€316.20
	Assets:3000-Voorraad	€-316.20
	Expenses:7000-Kostprijs_verkopen	€316.20
	Assets:3000-Voorraad	€-316.20
	Expenses:7000-Kostprijs_verkopen	€316.20
	Assets:3000-Voorraad	€-316.20
	Expenses:7000-Kostprijs_verkopen	€316.20
	Assets:3000-Voorraad	€-316.20
	Expenses:7000-Kostprijs_verkopen	€316.20
	Assets:3000-Voorraad	€-316.20
	Expenses:7000-Kostprijs_verkopen	€316.20
	Assets:3000-Voorraad	€-316.20
	Expenses:7000-Kostprijs_verkopen	€316.20
	Assets:3000-Voorraad	€-316.20
	Expenses:7000-Kostprijs_verkopen	€316.20
	Assets:3000-Voorraad	€-316.20
	Expenses:7000-Kostprijs_verkopen	€316.20
	Assets:3000-Voorraad	€-316.20
	Expenses:7000-Kostprijs_verkopen	€316.20
	Assets:3000-Voorraad	€-316.20
	Expenses:7000-Kostprijs_verkopen	€316.20
	Assets:3000-Voorraad	€-316.20
	Expenses:7000-Kostprijs_verkopen	€316.20
	Assets:3000-Voorraad	€-316.20
	Expenses:7000-Kostprijs_verkopen	€316.20
	Assets:3000-Voorraad	€-316.20
	Expenses:7000-Kostprijs_verkopen	€316.20
	Assets:3000-Voorraad	€-316.20
	Expenses:7000-Kostprijs_verkopen	€316.20
	Assets:3000-Voorraad	€-316.20
	Expenses:7000-Kostprijs_verkopen	€316.20
	Assets:3000-Voorraad	€-316.20
	Expenses:7000-Kostprijs_verkopen	€316.20
	Assets:3000-Voorraad	€-316.20
	Expenses:7000-Kostprijs_verkopen	€316.20
	Assets:3000-Voorraad	€-316.20
	Expenses:7000-Kostprijs_verkopen	€316.20
	Assets:3000-Voorraad	€-316.20
	Expenses:7000-Kostprijs_verkopen	€316.20
	Assets:3000-Voorraad	€-316.20
	Expenses:7000-Kostprijs_verkopen	€316.20
	Assets:3000-Voorraad	€-316.20
	Expenses:7000-Kostprijs_verkopen	€316.20
	Assets:3000-Voorraad	€-316.20
	Expenses:7000-Kostprijs_verkopen	€316.20
	Assets:3000-Voorraad	€-316.20
	Expenses:7000-Kostprijs_verkopen	€316.20
	Assets:3000-Voorraad	€-316.20
	Expenses:7000-Kostprijs_verkopen	€316.20
	Assets:3000-Voorraad	€-316.20
	Expenses:7000-Kostprijs_verkopen	€316.20
	Assets:3000-Voorraad	€-316.20
	Expenses:7000-Kostprijs_verkopen	€316.20
	Assets:3000-Voorraad	€-316.20
	Expenses:7000-Kostprijs_verkopen	€316.20
	Assets:3000-Voorraad	€-316.20
	Expenses:7000-Kostprijs_verkopen	€316.20
	Assets:3000-Voorraad	€-316.20
	Expenses:7000-Kostprijs_verkopen	€316.20
	Assets:3000-Voorraad	€-316.20
	Expenses:7000-Kostprijs_verkopen	€316.20
	Assets:3000-Voorraad	€-316.20
	Expenses:7000-Kostprijs_verkopen	€316.20
	Assets:3000-Voorraad	€-316.20
	Expenses:7000-Kostprijs_verkopen	€316.20
	Assets:3000-Voorraad	€-316.20
	Expenses:7000-Kostprijs_verkopen	€316.20
	Assets:3000-Voorraad	€-316.20
	Expenses:7000-Kostprijs_verkopen	€316.20
	Assets:3000-Voorraad	€-316.20
	Expenses:7000-Kostprijs_verkopen	€316.20
	Assets:3000-Voorraad	€-316.20
	Expenses:7000-Kostprijs_verkopen	€316.20
	Assets:3000-Voorraad	€-316.20
	Expenses:7000-Kostprijs_verkopen	€316.20
	Assets:3000-Voorraad	€-316.20
	Expenses:7000-Kostprijs_verkopen	€316.20
	Assets:3000-Voorraad	€-316.20
	Expenses:7000-Kostprijs_verkopen	€316.20
	Assets:3000-Voorraad	€-316.20
	Expenses:7000-Kostprijs_verkopen	€316.20
	Assets:3000-Voorraad	€-316.20
	Expenses:7000-Kostprijs_verkopen	€316.20
	Assets:3000-Voorraad	€-316.20
	Expenses:7000-Kostprijs_verkopen	€316.20
	Assets:3000-Voorraad	€-316.20
	Expenses:7000-Kostprijs_verkopen	€316.20
	Assets:3000-Voorraad	€-316.20
	Expenses:7000-Kostprijs_verkopen	€316.20
	Assets:3000-Voorraad	€-316.20
	Expenses:7000-Kostprijs_verkopen	€316.20
	Assets:3000-Voorraad	€-316.20
	Expenses:7000-Kostprijs_verkopen	€316.20
	Assets:3000-Voorraad	€-316.20
	Expenses:7000-Kostprijs_verkopen	€316.20
	Assets:3000-Voorraad	€-316.20
	Expenses:7000-Kostprijs_verkopen	€316.20
	Assets:3000-Voorraad	€-316.20
	Expenses:7000-Kostprijs_verkopen	€316.20
	Assets:3000-Voorraad	€-316.20
	Expenses:7000-Kostprijs_verkopen	€316.20
	Assets:3000-Voorraad	€-316.20
	Expenses:7000-Kostprijs_verkopen	€316.20
	Assets:3000-Voorraad	€-316.20
	Expenses:7000-Kostprijs_verkopen	€316.20
	Assets:3000-Voorraad	€-316.20
	Expenses:7000-Kostprijs_verkopen	€316.20
	Assets:3000-Voorraad	€-316.20
	Expenses:7000-Kostprijs_verkopen	€316.20
	Assets:3000-Voorraad	€-316.20
	Expenses:7000-Kostprijs_verkopen	€316.20
	Assets:3000-Voorraad	€-316.20
	Expenses:7000-Kostprijs_verkopen	€316.20
	Assets:3000-Voorraad	€-316.20
	Expenses:7000-Kostprijs_verkopen	€316.20
	Assets:3000-Voorraad	€-316.20
	Expenses:7000-Kostprijs_verkopen	€316.20
	Assets:3000-Voorraad	€-316.20
	Expenses:7000-Kostprijs_verkopen	€316.20
	Assets:3000-Voorraad	€-316.20
	Expenses:7000-Kostprijs_verkopen	€316.20
	Assets:3000-Voorraad	€-316.20
	Expenses:7000-Kostprijs_verkopen	€316.20
	Assets:3000-Voorraad	€-316.20
	Expenses:7000-Kostprijs_verkopen	€316.20
	Assets:3000-Voorraad	€-316.20
	Expenses:7000-Kostprijs_verkopen	€316.20
	Assets:3000-Voorraad	€-316.20
	Expenses:7000-Kostprijs_verkopen	€316.20
	Assets:3000-Voorraad	€-316.20
	Expenses:7000-Kostprijs_verkopen	€316.20
	Assets:3000-Voorraad	€-316.20
	Expenses:7000-Kostprijs_verkopen	€316.20
	Assets:3000-Voorraad	€-316.20
	Expenses:7000-Kostprijs_verkopen	€316.20
	Assets:3000-Voorraad	€-316.20
	Expenses:7000-Kostprijs_verkopen	€316.20
	Assets:3000-Voorraad	€-316.20
	Expenses:7000-Kostprijs_verkopen	€316.20
	Assets:3000-Voorraad	€-316.20
	Expenses:7000-Kostprijs_verkopen	€316.20
	Assets:3000-Voorraad	€-316.20
	Expenses:7000-Kostprijs_verkopen	€316.20
	Assets:3000-Voorraad	€-316.20
	Expenses:7000-Kostprijs_verkopen	€316.20
	Assets:3000-Voorraad	€-316.20
	Expenses:7000-Kostprijs_verkopen	€316.20
	Assets:3000-Voorraad	€-316.20
	Expenses:7000-Kostprijs_verkopen	€316.20
	Assets:3000-Voorraad	€-316.20
	Expenses:7000-Kostprijs_verkopen	€316.20
	Assets:3000-Voorraad	€-316.20
	Expenses:7000-Kostprijs_verkopen	€316.20
	Assets:3000-Voorraad	€-316.20
	Expenses:7000-Kostprijs_verkopen	€316.20
	Assets:3000-Voorraad	€-316.20
	Expenses:7000-Kostprijs_verkopen	€316.20
	Assets:3000-Voorraad	€-316.20
	Expenses:7000-Kostprijs_verkopen	€316.20
	Assets:3000-Voorraad	€-316.20
	Expenses:7000-Kostprijs_verkopen	€316.20
	Assets:3000-Voorraad	€-316.20
	Expenses:7000-Kostprijs_verkopen	€316.20
	Assets:3000-Voorraad	€-316.20
	Expenses:7000-Kostprijs_verkopen	€316.20
	Assets:3000-Voorraad	€-316.20
	Expenses:7000-Kostprijs_verkopen	€316.20
	Assets:3000-Voorraad	€-316.20
	Expenses:7000-Kostprijs_verkopen	€316.20
	Assets:3000-Voorraad	€-316.20
	Expenses:7000-Kostprijs_verkopen	€316.20
	Assets:3000-Voorraad	€-316.20
	Expenses:7000-Kostprijs_verkopen	€316.20
	Assets:3000-Voorraad	€-316.20
	Expenses:7000-Kostprijs_verkopen	€316.20
	Assets:3000-Voorraad	€-316.20
	Expenses:7000-Kostprijs_verkopen	€316.20
	Assets:3000-Voorraad	€-316.20
	Expenses:7000-Kostprijs_verkopen	€316.20
	Assets:3000-Voorraad	€-316.20
	Expenses:7000-Kostprijs_verkopen	€316.20
	Assets:3000-Voorraad	€-316.20
	Expenses:7000-Kostprijs_verkopen	€316.20
	Assets:3000-Voorraad	€-316.20
	Expenses:7000-Kostprijs_verkopen	€316.20
2003-01-10 00:00:00 uitlevering order [{CF45C3F9-6377-4711-99DA-5040FEF92DFB}]
	Assets:3000-Voorraad	€-345.00
	Expenses:7000-Kostprijs_verkopen	€345.00
2003-01-10 00:00:00  [{9FE3F46E-DBDB-4AFE-A375-ACBBE8230268}]
	Assets:3000-Voorraad	€-375.00
	Expenses:7000-Kostprijs_verkopen	€375.00
	Assets:3000-Voorraad	€-560.00
	Expenses:7000-Kostprijs_verkopen	€560.00
	Assets:3000-Voorraad	€-13350.00
	Expenses:7000-Kostprijs_verkopen	€13350.00
2003-01-15 00:00:00 uitlevering order [{7B5ADC20-4360-4D48-B580-98CC35B5CFD7}]
	Assets:3000-Voorraad	€-316.20
	Expenses:7000-Kostprijs_verkopen	€316.20
	Assets:3000-Voorraad	€-316.20
	Expenses:7000-Kostprijs_verkopen	€316.20
	Assets:3000-Voorraad	€-316.20
	Expenses:7000-Kostprijs_verkopen	€316.20
	Assets:3000-Voorraad	€-316.20
	Expenses:7000-Kostprijs_verkopen	€316.20
	Assets:3000-Voorraad	€-316.20
	Expenses:7000-Kostprijs_verkopen	€316.20
	Assets:3000-Voorraad	€-316.20
	Expenses:7000-Kostprijs_verkopen	€316.20
	Assets:3000-Voorraad	€-316.20
	Expenses:7000-Kostprijs_verkopen	€316.20
	Assets:3000-Voorraad	€-316.20
	Expenses:7000-Kostprijs_verkopen	€316.20
	Assets:3000-Voorraad	€-316.20
	Expenses:7000-Kostprijs_verkopen	€316.20
	Assets:3000-Voorraad	€-316.20
	Expenses:7000-Kostprijs_verkopen	€316.20
	Assets:3000-Voorraad	€-316.20
	Expenses:7000-Kostprijs_verkopen	€316.20
	Assets:3000-Voorraad	€-316.20
	Expenses:7000-Kostprijs_verkopen	€316.20
	Assets:3000-Voorraad	€-316.20
	Expenses:7000-Kostprijs_verkopen	€316.20
	Assets:3000-Voorraad	€-316.20
	Expenses:7000-Kostprijs_verkopen	€316.20
	Assets:3000-Voorraad	€-316.20
	Expenses:7000-Kostprijs_verkopen	€316.20
	Assets:3000-Voorraad	€-316.20
	Expenses:7000-Kostprijs_verkopen	€316.20
	Assets:3000-Voorraad	€-316.20
	Expenses:7000-Kostprijs_verkopen	€316.20
	Assets:3000-Voorraad	€-316.20
	Expenses:7000-Kostprijs_verkopen	€316.20
	Assets:3000-Voorraad	€-316.20
	Expenses:7000-Kostprijs_verkopen	€316.20
	Assets:3000-Voorraad	€-316.20
	Expenses:7000-Kostprijs_verkopen	€316.20
	Assets:3000-Voorraad	€-316.20
	Expenses:7000-Kostprijs_verkopen	€316.20
	Assets:3000-Voorraad	€-316.20
	Expenses:7000-Kostprijs_verkopen	€316.20
	Assets:3000-Voorraad	€-316.20
	Expenses:7000-Kostprijs_verkopen	€316.20
	Assets:3000-Voorraad	€-316.20
	Expenses:7000-Kostprijs_verkopen	€316.20
	Assets:3000-Voorraad	€-316.20
	Expenses:7000-Kostprijs_verkopen	€316.20
	Assets:3000-Voorraad	€-316.20
	Expenses:7000-Kostprijs_verkopen	€316.20
	Assets:3000-Voorraad	€-316.20
	Expenses:7000-Kostprijs_verkopen	€316.20
	Assets:3000-Voorraad	€-316.20
	Expenses:7000-Kostprijs_verkopen	€316.20
	Assets:3000-Voorraad	€-316.20
	Expenses:7000-Kostprijs_verkopen	€316.20
	Assets:3000-Voorraad	€-316.20
	Expenses:7000-Kostprijs_verkopen	€316.20
	Assets:3000-Voorraad	€-316.20
	Expenses:7000-Kostprijs_verkopen	€316.20
	Assets:3000-Voorraad	€-316.20
	Expenses:7000-Kostprijs_verkopen	€316.20
	Assets:3000-Voorraad	€-316.20
	Expenses:7000-Kostprijs_verkopen	€316.20
	Assets:3000-Voorraad	€-316.20
	Expenses:7000-Kostprijs_verkopen	€316.20
	Assets:3000-Voorraad	€-316.20
	Expenses:7000-Kostprijs_verkopen	€316.20
	Assets:3000-Voorraad	€-316.20
	Expenses:7000-Kostprijs_verkopen	€316.20
	Assets:3000-Voorraad	€-316.20
	Expenses:7000-Kostprijs_verkopen	€316.20
	Assets:3000-Voorraad	€-316.20
	Expenses:7000-Kostprijs_verkopen	€316.20
	Assets:3000-Voorraad	€-316.20
	Expenses:7000-Kostprijs_verkopen	€316.20
	Assets:3000-Voorraad	€-316.20
	Expenses:7000-Kostprijs_verkopen	€316.20
	Assets:3000-Voorraad	€-316.20
	Expenses:7000-Kostprijs_verkopen	€316.20
	Assets:3000-Voorraad	€-316.20
	Expenses:7000-Kostprijs_verkopen	€316.20
	Assets:3000-Voorraad	€-316.20
	Expenses:7000-Kostprijs_verkopen	€316.20
	Assets:3000-Voorraad	€-316.20
	Expenses:7000-Kostprijs_verkopen	€316.20
	Assets:3000-Voorraad	€-316.20
	Expenses:7000-Kostprijs_verkopen	€316.20
	Assets:3000-Voorraad	€-316.20
	Expenses:7000-Kostprijs_verkopen	€316.20
	Assets:3000-Voorraad	€-316.20
	Expenses:7000-Kostprijs_verkopen	€316.20
	Assets:3000-Voorraad	€-316.20
	Expenses:7000-Kostprijs_verkopen	€316.20
	Assets:3000-Voorraad	€-316.20
	Expenses:7000-Kostprijs_verkopen	€316.20
	Assets:3000-Voorraad	€-316.20
	Expenses:7000-Kostprijs_verkopen	€316.20
	Assets:3000-Voorraad	€-316.20
	Expenses:7000-Kostprijs_verkopen	€316.20
	Assets:3000-Voorraad	€-316.20
	Expenses:7000-Kostprijs_verkopen	€316.20
	Assets:3000-Voorraad	€-316.20
	Expenses:7000-Kostprijs_verkopen	€316.20
	Assets:3000-Voorraad	€-316.20
	Expenses:7000-Kostprijs_verkopen	€316.20
	Assets:3000-Voorraad	€-316.20
	Expenses:7000-Kostprijs_verkopen	€316.20
	Assets:3000-Voorraad	€-316.20
	Expenses:7000-Kostprijs_verkopen	€316.20
	Assets:3000-Voorraad	€-316.20
	Expenses:7000-Kostprijs_verkopen	€316.20
	Assets:3000-Voorraad	€-316.20
	Expenses:7000-Kostprijs_verkopen	€316.20
	Assets:3000-Voorraad	€-316.20
	Expenses:7000-Kostprijs_verkopen	€316.20
	Assets:3000-Voorraad	€-316.20
	Expenses:7000-Kostprijs_verkopen	€316.20
	Assets:3000-Voorraad	€-316.20
	Expenses:7000-Kostprijs_verkopen	€316.20
	Assets:3000-Voorraad	€-316.20
	Expenses:7000-Kostprijs_verkopen	€316.20
	Assets:3000-Voorraad	€-316.20
	Expenses:7000-Kostprijs_verkopen	€316.20
	Assets:3000-Voorraad	€-316.20
	Expenses:7000-Kostprijs_verkopen	€316.20
	Assets:3000-Voorraad	€-316.20
	Expenses:7000-Kostprijs_verkopen	€316.20
	Assets:3000-Voorraad	€-316.20
	Expenses:7000-Kostprijs_verkopen	€316.20
	Assets:3000-Voorraad	€-316.20
	Expenses:7000-Kostprijs_verkopen	€316.20
	Assets:3000-Voorraad	€-316.20
	Expenses:7000-Kostprijs_verkopen	€316.20
	Assets:3000-Voorraad	€-316.20
	Expenses:7000-Kostprijs_verkopen	€316.20
	Assets:3000-Voorraad	€-316.20
	Expenses:7000-Kostprijs_verkopen	€316.20
	Assets:3000-Voorraad	€-316.20
	Expenses:7000-Kostprijs_verkopen	€316.20
	Assets:3000-Voorraad	€-316.20
	Expenses:7000-Kostprijs_verkopen	€316.20
	Assets:3000-Voorraad	€-316.20
	Expenses:7000-Kostprijs_verkopen	€316.20
	Assets:3000-Voorraad	€-316.20
	Expenses:7000-Kostprijs_verkopen	€316.20
	Assets:3000-Voorraad	€-316.20
	Expenses:7000-Kostprijs_verkopen	€316.20
	Assets:3000-Voorraad	€-316.20
	Expenses:7000-Kostprijs_verkopen	€316.20
	Assets:3000-Voorraad	€-316.20
	Expenses:7000-Kostprijs_verkopen	€316.20
	Assets:3000-Voorraad	€-316.20
	Expenses:7000-Kostprijs_verkopen	€316.20
	Assets:3000-Voorraad	€-316.20
	Expenses:7000-Kostprijs_verkopen	€316.20
	Assets:3000-Voorraad	€-316.20
	Expenses:7000-Kostprijs_verkopen	€316.20
	Assets:3000-Voorraad	€-316.20
	Expenses:7000-Kostprijs_verkopen	€316.20
	Assets:3000-Voorraad	€-316.20
	Expenses:7000-Kostprijs_verkopen	€316.20
	Assets:3000-Voorraad	€-316.20
	Expenses:7000-Kostprijs_verkopen	€316.20
	Assets:3000-Voorraad	€-316.20
	Expenses:7000-Kostprijs_verkopen	€316.20
	Assets:3000-Voorraad	€-316.20
	Expenses:7000-Kostprijs_verkopen	€316.20
	Assets:3000-Voorraad	€-316.20
	Expenses:7000-Kostprijs_verkopen	€316.20
	Assets:3000-Voorraad	€-316.20
	Expenses:7000-Kostprijs_verkopen	€316.20
	Assets:3000-Voorraad	€-316.20
	Expenses:7000-Kostprijs_verkopen	€316.20
	Assets:3000-Voorraad	€-316.20
	Expenses:7000-Kostprijs_verkopen	€316.20
	Assets:3000-Voorraad	€-316.20
	Expenses:7000-Kostprijs_verkopen	€316.20
	Assets:3000-Voorraad	€-316.20
	Expenses:7000-Kostprijs_verkopen	€316.20
	Assets:3000-Voorraad	€-316.20
	Expenses:7000-Kostprijs_verkopen	€316.20
	Assets:3000-Voorraad	€-316.20
	Expenses:7000-Kostprijs_verkopen	€316.20
	Assets:3000-Voorraad	€-316.20
	Expenses:7000-Kostprijs_verkopen	€316.20
	Assets:3000-Voorraad	€-316.20
	Expenses:7000-Kostprijs_verkopen	€316.20
	Assets:3000-Voorraad	€-316.20
	Expenses:7000-Kostprijs_verkopen	€316.20
	Assets:3000-Voorraad	€-316.20
	Expenses:7000-Kostprijs_verkopen	€316.20
	Assets:3000-Voorraad	€-316.20
	Expenses:7000-Kostprijs_verkopen	€316.20
	Assets:3000-Voorraad	€-316.20
	Expenses:7000-Kostprijs_verkopen	€316.20
	Assets:3000-Voorraad	€-316.20
	Expenses:7000-Kostprijs_verkopen	€316.20
	Assets:3000-Voorraad	€-316.20
	Expenses:7000-Kostprijs_verkopen	€316.20
	Assets:3000-Voorraad	€-316.20
	Expenses:7000-Kostprijs_verkopen	€316.20
	Assets:3000-Voorraad	€-316.20
	Expenses:7000-Kostprijs_verkopen	€316.20
	Assets:3000-Voorraad	€-316.20
	Expenses:7000-Kostprijs_verkopen	€316.20
	Assets:3000-Voorraad	€-316.20
	Expenses:7000-Kostprijs_verkopen	€316.20
	Assets:3000-Voorraad	€-316.20
	Expenses:7000-Kostprijs_verkopen	€316.20
	Assets:3000-Voorraad	€-316.20
	Expenses:7000-Kostprijs_verkopen	€316.20
	Assets:3000-Voorraad	€-316.20
	Expenses:7000-Kostprijs_verkopen	€316.20
	Assets:3000-Voorraad	€-316.20
	Expenses:7000-Kostprijs_verkopen	€316.20
	Assets:3000-Voorraad	€-316.20
	Expenses:7000-Kostprijs_verkopen	€316.20
	Assets:3000-Voorraad	€-316.20
	Expenses:7000-Kostprijs_verkopen	€316.20
	Assets:3000-Voorraad	€-316.20
	Expenses:7000-Kostprijs_verkopen	€316.20
	Assets:3000-Voorraad	€-316.20
	Expenses:7000-Kostprijs_verkopen	€316.20
	Assets:3000-Voorraad	€-316.20
	Expenses:7000-Kostprijs_verkopen	€316.20
	Assets:3000-Voorraad	€-316.20
	Expenses:7000-Kostprijs_verkopen	€316.20
	Assets:3000-Voorraad	€-316.20
	Expenses:7000-Kostprijs_verkopen	€316.20
	Assets:3000-Voorraad	€-316.20
	Expenses:7000-Kostprijs_verkopen	€316.20
	Assets:3000-Voorraad	€-316.20
	Expenses:7000-Kostprijs_verkopen	€316.20
	Assets:3000-Voorraad	€-316.20
	Expenses:7000-Kostprijs_verkopen	€316.20
	Assets:3000-Voorraad	€-316.20
	Expenses:7000-Kostprijs_verkopen	€316.20
	Assets:3000-Voorraad	€-316.20
	Expenses:7000-Kostprijs_verkopen	€316.20
	Assets:3000-Voorraad	€-316.20
	Expenses:7000-Kostprijs_verkopen	€316.20
	Assets:3000-Voorraad	€-316.20
	Expenses:7000-Kostprijs_verkopen	€316.20
	Assets:3000-Voorraad	€-316.20
	Expenses:7000-Kostprijs_verkopen	€316.20
	Assets:3000-Voorraad	€-316.20
	Expenses:7000-Kostprijs_verkopen	€316.20
	Assets:3000-Voorraad	€-316.20
	Expenses:7000-Kostprijs_verkopen	€316.20
	Assets:3000-Voorraad	€-316.20
	Expenses:7000-Kostprijs_verkopen	€316.20
	Assets:3000-Voorraad	€-316.20
	Expenses:7000-Kostprijs_verkopen	€316.20
	Assets:3000-Voorraad	€-316.20
	Expenses:7000-Kostprijs_verkopen	€316.20
	Assets:3000-Voorraad	€-316.20
	Expenses:7000-Kostprijs_verkopen	€316.20
	Assets:3000-Voorraad	€-316.20
	Expenses:7000-Kostprijs_verkopen	€316.20
	Assets:3000-Voorraad	€-316.20
	Expenses:7000-Kostprijs_verkopen	€316.20
	Assets:3000-Voorraad	€-316.20
	Expenses:7000-Kostprijs_verkopen	€316.20
	Assets:3000-Voorraad	€-316.20
	Expenses:7000-Kostprijs_verkopen	€316.20
	Assets:3000-Voorraad	€-316.20
	Expenses:7000-Kostprijs_verkopen	€316.20
	Assets:3000-Voorraad	€-316.20
	Expenses:7000-Kostprijs_verkopen	€316.20
	Assets:3000-Voorraad	€-316.20
	Expenses:7000-Kostprijs_verkopen	€316.20
	Assets:3000-Voorraad	€-316.20
	Expenses:7000-Kostprijs_verkopen	€316.20
	Assets:3000-Voorraad	€-316.20
	Expenses:7000-Kostprijs_verkopen	€316.20
	Assets:3000-Voorraad	€-316.20
	Expenses:7000-Kostprijs_verkopen	€316.20
	Assets:3000-Voorraad	€-316.20
	Expenses:7000-Kostprijs_verkopen	€316.20
	Assets:3000-Voorraad	€-316.20
	Expenses:7000-Kostprijs_verkopen	€316.20
	Assets:3000-Voorraad	€-316.20
	Expenses:7000-Kostprijs_verkopen	€316.20
	Assets:3000-Voorraad	€-316.20
	Expenses:7000-Kostprijs_verkopen	€316.20
	Assets:3000-Voorraad	€-316.20
	Expenses:7000-Kostprijs_verkopen	€316.20
	Assets:3000-Voorraad	€-316.20
	Expenses:7000-Kostprijs_verkopen	€316.20
	Assets:3000-Voorraad	€-316.20
	Expenses:7000-Kostprijs_verkopen	€316.20
	Assets:3000-Voorraad	€-316.20
	Expenses:7000-Kostprijs_verkopen	€316.20
	Assets:3000-Voorraad	€-316.20
	Expenses:7000-Kostprijs_verkopen	€316.20
	Assets:3000-Voorraad	€-316.20
	Expenses:7000-Kostprijs_verkopen	€316.20
2003-01-03 00:00:00 spoedbestelling [{226CC06B-BD4D-4EBC-9F64-CF784E9227A6}]
	Assets:3000-Voorraad	€2250.00
	Assets:2400-Nog_te_ontvangen_fakturen/goederen	€-2250.00
	Assets:3000-Voorraad	€925.00
	Assets:2400-Nog_te_ontvangen_fakturen/goederen	€-925.00
	Assets:3000-Voorraad	€1250.00
	Assets:2400-Nog_te_ontvangen_fakturen/goederen	€-1250.00
	Assets:3000-Voorraad	€1000.00
	Assets:2400-Nog_te_ontvangen_fakturen/goederen	€-1000.00
	Assets:3000-Voorraad	€3500.00
	Assets:2400-Nog_te_ontvangen_fakturen/goederen	€-3500.00
	Assets:3000-Voorraad	€442.50
	Assets:2400-Nog_te_ontvangen_fakturen/goederen	€-442.50
2003-01-28 00:00:00  [{5B283D65-4D67-492A-AEDB-2145D3896BDB}]
	Assets:3000-Voorraad	€450.00
	Assets:2400-Nog_te_ontvangen_fakturen/goederen	€-450.00
	Assets:3000-Voorraad	€2670.00
	Assets:2400-Nog_te_ontvangen_fakturen/goederen	€-2670.00
2003-02-03 00:00:00 aflevering order [{8E4AACA2-9AB3-4198-9F1A-BC3B6E0F51CC}]
	Assets:3000-Voorraad	€-600.00
	Expenses:7000-Kostprijs_verkopen	€600.00
	Assets:3000-Voorraad	€-75.00
	Expenses:7000-Kostprijs_verkopen	€75.00
	Assets:3000-Voorraad	€-60.00
	Expenses:7000-Kostprijs_verkopen	€60.00
	Assets:3000-Voorraad	€-525.00
	Expenses:7000-Kostprijs_verkopen	€525.00
2003-02-03 00:00:00 uitlevering bestelling januari [{C7892F57-6B1B-439D-AF8F-A0EDD72B7E65}]
	Assets:3000-Voorraad	€-125.00
	Expenses:7000-Kostprijs_verkopen	€125.00
	Assets:3000-Voorraad	€-100.00
	Expenses:7000-Kostprijs_verkopen	€100.00
	Assets:3000-Voorraad	€-350.00
	Expenses:7000-Kostprijs_verkopen	€350.00
	Assets:3000-Voorraad	€-350.00
	Expenses:7000-Kostprijs_verkopen	€350.00
	Assets:3000-Voorraad	€-2225.00
	Expenses:7000-Kostprijs_verkopen	€2225.00
2003-02-03 00:00:00 - To - Eindhoven [{D5856D3C-6211-44A9-8B74-A8C639A717CE}]
	Assets:3000-Voorraad	€0.00
	Assets:2400-Nog_te_ontvangen_fakturen/goederen	€0.00
2003-02-03 00:00:00 uilevering vaste bestelling [{5178DD7F-37F2-412E-90B2-5565ED960F1D}]
	Assets:3000-Voorraad	€-12000.00
	Expenses:7000-Kostprijs_verkopen	€12000.00
	Assets:3000-Voorraad	€-7000.00
	Expenses:7000-Kostprijs_verkopen	€7000.00
	Assets:3000-Voorraad	€-1200.00
	Expenses:7000-Kostprijs_verkopen	€1200.00
2003-02-03 00:00:00 uitlevering bijbestelling 34321 [{BD1B330A-4838-41D1-8B60-BE32FBB1C0AF}]
	Assets:3000-Voorraad	€-1000.00
	Expenses:7000-Kostprijs_verkopen	€1000.00
	Assets:3000-Voorraad	€-800.00
	Expenses:7000-Kostprijs_verkopen	€800.00
	Assets:3000-Voorraad	€-175.00
	Expenses:7000-Kostprijs_verkopen	€175.00
2003-02-05 00:00:00  [{0CB8CB3C-87A5-4B15-A44C-F9D724088CB9}]
	Assets:3000-Voorraad	€-875.00
	Expenses:7000-Kostprijs_verkopen	€875.00
2003-02-05 00:00:00 uitlevering order februari [{7D7D12F3-4FFC-48DB-9E53-EC71618D03C8}]
	Assets:3000-Voorraad	€-1125.00
	Expenses:7000-Kostprijs_verkopen	€1125.00
	Assets:3000-Voorraad	€-300.00
	Expenses:7000-Kostprijs_verkopen	€300.00
2003-02-05 00:00:00 uitlevering order februari [{C1A95C83-88DC-4F19-97E2-97A222DE516F}]
	Assets:3000-Voorraad	€-35.00
	Expenses:7000-Kostprijs_verkopen	€35.00
	Assets:3000-Voorraad	€-20.00
	Expenses:7000-Kostprijs_verkopen	€20.00
	Assets:3000-Voorraad	€-16.00
	Expenses:7000-Kostprijs_verkopen	€16.00
	Assets:3000-Voorraad	€-364.00
	Expenses:7000-Kostprijs_verkopen	€364.00
	Assets:3000-Voorraad	€-28.00
	Expenses:7000-Kostprijs_verkopen	€28.00
	Assets:3000-Voorraad	€-178.00
	Expenses:7000-Kostprijs_verkopen	€178.00
2003-01-06 00:00:00  [{6BDE7512-FAD5-4E13-92D6-EC978F35EC93}]
	Income:8000-Omzet	€-2082.50
	Income:8000-Omzet	€-1160.00
	Income:8000-Omzet	€-900.00
	Income:8000-Omzet	€-5805.00
	Income:8000-Omzet	€-9882.00
	Income:8000-Omzet	€-12941.25
	Income:8000-Omzet	€-25164.00
	Assets:1502-BTW_af_te_dragen	€-11007.60
	Assets:1300-Debiteuren	€68942.35
2003-01-06 00:00:00  [{7BA04D40-1DE1-47CA-93C4-1957509F5AFC}]
	Income:8000-Omzet	€-1014.30
	Income:8000-Omzet	€-1160.00
	Income:8000-Omzet	€-326.72
	Income:8000-Omzet	€-246.84
	Income:8000-Omzet	€-3870.00
	Income:8000-Omzet	€0.00
	Income:8000-Omzet	€-1422.15
	Income:8000-Omzet	€-4245.00
	Assets:1502-BTW_af_te_dragen	€-2334.15
	Assets:1300-Debiteuren	€14619.16
2003-01-06 00:00:00  [{D344883E-4494-46E2-AECB-77AA2FD1ECCA}]
	Income:8000-Omzet	€-298.59
	Income:8000-Omzet	€-238.84
	Income:8000-Omzet	€-3225.00
	Income:8000-Omzet	€0.00
	Income:8000-Omzet	€-37083.75
	Assets:1502-BTW_af_te_dragen	€-7760.77
	Assets:1300-Debiteuren	€48606.95
2003-01-06 00:00:00  [{257DBE88-18A6-4E10-8AA9-34DBCBA494CB}]
	Income:8000-Omzet	€-54900.00
	Assets:1502-BTW_af_te_dragen	€-10431.00
	Assets:1300-Debiteuren	€65331.00
2003-01-10 00:00:00  [{D9AD4EA1-6833-4856-8E17-17A43A6CC195}]
	Income:8000-Omzet	€-8235.00
	Assets:1502-BTW_af_te_dragen	€-1564.65
	Assets:1300-Debiteuren	€9799.65
2003-01-10 00:00:00  [{7101ADAB-A427-432B-97CE-1F89B49A86F6}]
	Income:8000-Omzet	€-1225.00
	Income:8000-Omzet	€-900.00
	Income:8000-Omzet	€-19350.00
	Assets:1502-BTW_af_te_dragen	€-4080.25
	Assets:1300-Debiteuren	€25555.25
2003-01-26 00:00:00 bestelling januari [{A263BE4F-9FF4-4C5B-9B2F-33F0205936DD}]
	Income:8000-Omzet	€-1842.40
	Income:8000-Omzet	€-127.97
	Income:8000-Omzet	€-102.36
	Income:8000-Omzet	€-817.50
	Assets:1502-BTW_af_te_dragen	€-549.14
	Assets:1300-Debiteuren	€3439.37
2003-01-26 00:00:00 bestelling januari [{73FD03A7-347E-470C-AB5E-B63DBC33C691}]
	Income:8000-Omzet	€-204.20
	Income:8000-Omzet	€-154.28
	Income:8000-Omzet	€-545.00
	Income:8000-Omzet	€-562.50
	Income:8000-Omzet	€-3225.00
	Assets:1502-BTW_af_te_dragen	€-891.29
	Assets:1300-Debiteuren	€5582.27
2003-01-26 00:00:00 bijbestelling 34321 [{2696119E-24E6-4AEA-A3BF-13B199B914F1}]
	Income:8000-Omzet	€-1452.20
	Income:8000-Omzet	€-1161.60
	Income:8000-Omzet	€-272.50
	Assets:1502-BTW_af_te_dragen	€-548.40
	Assets:1300-Debiteuren	€3434.70
2003-02-07 00:00:00  [{A4BA434C-0941-4992-AE3B-3BEED344FF01}]
	Income:8000-Omzet	€-82350.00
	Assets:1502-BTW_af_te_dragen	€-15646.50
	Assets:1300-Debiteuren	€97996.50
2003-02-07 00:00:00 vaste bestelling [{86069877-0286-4834-88B8-B3D9BD8F1ED0}]
	Income:8000-Omzet	€-39200.00
	Income:8000-Omzet	€-8000.00
	Income:8000-Omzet	€-3600.00
	Assets:1502-BTW_af_te_dragen	€-9652.00
	Assets:1300-Debiteuren	€60452.00
2003-01-22 00:00:00 lopende orders [{188AC9CA-1998-45C4-AB2A-566DBD144BF6}]
	Assets:2400-Nog_te_ontvangen_fakturen/goederen	€13525.21
	Assets:1511-BTW_Inkopen	€2569.79
	Assets:2400-Nog_te_ontvangen_fakturen/goederen	€470.59
	Assets:1511-BTW_Inkopen	€89.41
	Assets:2400-Nog_te_ontvangen_fakturen/goederen	€7312.50
	Assets:1511-BTW_Inkopen	€1389.38
	Assets:2400-Nog_te_ontvangen_fakturen/goederen	€1730.00
	Assets:1511-BTW_Inkopen	€328.70
	Assets:2400-Nog_te_ontvangen_fakturen/goederen	€1384.00
	Assets:1511-BTW_Inkopen	€262.96
	Liabilities:1600-Crediteuren	€-29062.54
2003-02-20 00:00:00 lopende orders [{04228B26-3F64-4D3B-858F-EFEF68147C89}]
	Assets:2400-Nog_te_ontvangen_fakturen/goederen	€3805.00
	Assets:1511-BTW_Inkopen	€722.95
	Assets:2400-Nog_te_ontvangen_fakturen/goederen	€2439.00
	Assets:1511-BTW_Inkopen	€464.93
	Assets:2400-Nog_te_ontvangen_fakturen/goederen	€22250.00
	Assets:1511-BTW_Inkopen	€4227.50
	Liabilities:1600-Crediteuren	€-33917.38
	Expenses:9050-Prijsverschillen	€8.00
2003-02-18 00:00:00 lopende orders [{5590AA4E-5BA3-484F-924B-98E097B959A0}]
	Assets:2400-Nog_te_ontvangen_fakturen/goederen	€1192.40
	Assets:1511-BTW_Inkopen	€226.56
	Assets:2400-Nog_te_ontvangen_fakturen/goederen	€1040.00
	Assets:1511-BTW_Inkopen	€197.60
	Liabilities:1600-Crediteuren	€-2656.56
2003-02-21 00:00:00 lopende orders [{0BABD2BF-33E6-413E-9887-72D10E49B8D7}]
	Assets:2400-Nog_te_ontvangen_fakturen/goederen	€2925.00
	Assets:2400-Nog_te_ontvangen_fakturen/goederen	€450.00
	Assets:1511-BTW_Inkopen	€85.50
	Liabilities:1600-Crediteuren	€-3460.50
2003-02-21 00:00:00 lopende orders [{3CD734CB-71FA-4692-840C-5D289E445F16}]
	Assets:2400-Nog_te_ontvangen_fakturen/goederen	€7225.00
	Assets:1511-BTW_Inkopen	€1372.75
	Assets:2400-Nog_te_ontvangen_fakturen/goederen	€11160.00
	Assets:1511-BTW_Inkopen	€2120.40
	Assets:2400-Nog_te_ontvangen_fakturen/goederen	€21945.00
	Assets:1511-BTW_Inkopen	€4169.55
	Liabilities:1600-Crediteuren	€-47992.70
2003-02-18 00:00:00 spoedbestelling [{B841EEF9-B736-440B-BC9C-D12D8C4D621B}]
	Assets:2400-Nog_te_ontvangen_fakturen/goederen	€2250.00
	Assets:1511-BTW_Inkopen	€427.50
	Assets:2400-Nog_te_ontvangen_fakturen/goederen	€925.00
	Assets:1511-BTW_Inkopen	€175.75
	Assets:2400-Nog_te_ontvangen_fakturen/goederen	€1250.00
	Assets:1511-BTW_Inkopen	€237.50
	Assets:2400-Nog_te_ontvangen_fakturen/goederen	€1000.00
	Assets:1511-BTW_Inkopen	€190.00
	Assets:2400-Nog_te_ontvangen_fakturen/goederen	€3500.00
	Assets:1511-BTW_Inkopen	€665.00
	Assets:2400-Nog_te_ontvangen_fakturen/goederen	€442.50
	Assets:1511-BTW_Inkopen	€84.08
	Liabilities:1600-Crediteuren	€-11147.33
2003-01-23 00:00:00 Goudtand:Salaris maandelijks:Y2003:1 [{AB668E54-F82B-4508-A75A-4A0B13F72B35}]
	Expenses:4000-Brutolonen	€-92.41
	Liabilities:1700-Af_te_dragen_Loonheffing	€92.41
	Expenses:4000-Brutolonen	€39.41
	Liabilities:1740-Af_te_dragen_Sociale_premies_Werknemer	€-39.41
	Expenses:4000-Brutolonen	€49.87
	Liabilities:1741-Af_te_dragen_Overige_Werknemerspremies	€-49.87
	Expenses:4000-Brutolonen	€51.08
	Liabilities:1600-Crediteuren	€-51.08
	Expenses:4000-Brutolonen	€62.54
	Liabilities:1740-Af_te_dragen_Sociale_premies_Werknemer	€-62.54
	Expenses:4000-Brutolonen	€65.00
	Liabilities:1741-Af_te_dragen_Overige_Werknemerspremies	€-65.00
	Expenses:4000-Brutolonen	€700.32
	Liabilities:1700-Af_te_dragen_Loonheffing	€-700.32
	Expenses:4000-Brutolonen	€1608.19
	Liabilities:1600-Crediteuren	€-1608.19
	Expenses:4042-Kosten_Overige_Werkgeverpremies	€49.87
	Liabilities:1746-Af_te_dragen_Overige_Werkgeverspremies	€-49.87
	Expenses:4042-Kosten_Overige_Werkgeverpremies	€65.00
	Liabilities:1746-Af_te_dragen_Overige_Werkgeverspremies	€-65.00
	Expenses:4042-Kosten_Overige_Werkgeverpremies	€13.00
	Liabilities:1746-Af_te_dragen_Overige_Werkgeverspremies	€-13.00
	Expenses:4042-Kosten_Overige_Werkgeverpremies	€4.00
	Liabilities:1746-Af_te_dragen_Overige_Werkgeverspremies	€-4.00
	Expenses:4051-Kosten_Spaarloon	€7.66
	Liabilities:1700-Af_te_dragen_Loonheffing	€-7.66
	Expenses:4080-Kosten_Vakantiegeld	€198.72
	Liabilities:1780-Te_Betalen_Reservering_Vakantiegeld	€-198.72
	Expenses:4041-Kosten_Sociale_premies_werkgever	€55.17
	Liabilities:1745-Af_te_dragen_Sociale_premies_Werkgever	€-55.17
	Expenses:4041-Kosten_Sociale_premies_werkgever	€117.06
	Liabilities:1745-Af_te_dragen_Sociale_premies_Werkgever	€-117.06
	Expenses:4041-Kosten_Sociale_premies_werkgever	€16.71
	Liabilities:1745-Af_te_dragen_Sociale_premies_Werkgever	€-16.71
	Expenses:4041-Kosten_Sociale_premies_werkgever	€156.47
	Liabilities:1745-Af_te_dragen_Sociale_premies_Werkgever	€-156.47
2003-01-23 00:00:00 Comte:Salaris maandelijks:Y2003:1 [{B63D9BBB-11C1-4D4D-A96E-6F817A0BDAE1}]
	Expenses:4000-Brutolonen	€-92.41
	Liabilities:1700-Af_te_dragen_Loonheffing	€92.41
	Expenses:4000-Brutolonen	€30.24
	Liabilities:1740-Af_te_dragen_Sociale_premies_Werknemer	€-30.24
	Expenses:4000-Brutolonen	€31.28
	Liabilities:1740-Af_te_dragen_Sociale_premies_Werknemer	€-31.28
	Expenses:4000-Brutolonen	€49.87
	Liabilities:1741-Af_te_dragen_Overige_Werknemerspremies	€-49.87
	Expenses:4000-Brutolonen	€51.08
	Liabilities:1600-Crediteuren	€-51.08
	Expenses:4000-Brutolonen	€65.00
	Liabilities:1741-Af_te_dragen_Overige_Werknemerspremies	€-65.00
	Expenses:4000-Brutolonen	€495.32
	Liabilities:1700-Af_te_dragen_Loonheffing	€-495.32
	Expenses:4000-Brutolonen	€1314.62
	Liabilities:1600-Crediteuren	€-1314.62
	Expenses:4042-Kosten_Overige_Werkgeverpremies	€49.87
	Liabilities:1746-Af_te_dragen_Overige_Werkgeverspremies	€-49.87
	Expenses:4042-Kosten_Overige_Werkgeverpremies	€65.00
	Liabilities:1746-Af_te_dragen_Overige_Werkgeverspremies	€-65.00
	Expenses:4042-Kosten_Overige_Werkgeverpremies	€13.00
	Liabilities:1746-Af_te_dragen_Overige_Werkgeverspremies	€-13.00
	Expenses:4042-Kosten_Overige_Werkgeverpremies	€4.00
	Liabilities:1746-Af_te_dragen_Overige_Werkgeverspremies	€-4.00
	Expenses:4042-Kosten_Overige_Werkgeverpremies	€266.47
	Liabilities:1746-Af_te_dragen_Overige_Werkgeverspremies	€-266.47
	Expenses:4051-Kosten_Spaarloon	€7.66
	Liabilities:1700-Af_te_dragen_Loonheffing	€-7.66
	Expenses:4080-Kosten_Vakantiegeld	€155.60
	Liabilities:1780-Te_Betalen_Reservering_Vakantiegeld	€-155.60
	Expenses:4041-Kosten_Sociale_premies_werkgever	€42.34
	Liabilities:1745-Af_te_dragen_Sociale_premies_Werkgever	€-42.34
	Expenses:4041-Kosten_Sociale_premies_werkgever	€89.84
	Liabilities:1745-Af_te_dragen_Sociale_premies_Werkgever	€-89.84
	Expenses:4041-Kosten_Sociale_premies_werkgever	€8.36
	Liabilities:1745-Af_te_dragen_Sociale_premies_Werkgever	€-8.36
	Expenses:4041-Kosten_Sociale_premies_werkgever	€120.09
	Liabilities:1745-Af_te_dragen_Sociale_premies_Werkgever	€-120.09
2003-01-23 00:00:00 Wit:Salaris maandelijks:Y2003:1 [{24A424EF-6D53-48A7-8D53-2EEFECBE3EEF}]
	Expenses:4000-Brutolonen	€-92.41
	Liabilities:1700-Af_te_dragen_Loonheffing	€92.41
	Expenses:4000-Brutolonen	€38.23
	Liabilities:1740-Af_te_dragen_Sociale_premies_Werknemer	€-38.23
	Expenses:4000-Brutolonen	€51.08
	Liabilities:1600-Crediteuren	€-51.08
	Expenses:4000-Brutolonen	€58.53
	Liabilities:1740-Af_te_dragen_Sociale_premies_Werknemer	€-58.53
	Expenses:4000-Brutolonen	€674.66
	Liabilities:1700-Af_te_dragen_Loonheffing	€-674.66
	Expenses:4000-Brutolonen	€1569.91
	Liabilities:1600-Crediteuren	€-1569.91
	Expenses:4042-Kosten_Overige_Werkgeverpremies	€13.00
	Liabilities:1746-Af_te_dragen_Overige_Werkgeverspremies	€-13.00
	Expenses:4042-Kosten_Overige_Werkgeverpremies	€4.00
	Liabilities:1746-Af_te_dragen_Overige_Werkgeverspremies	€-4.00
	Expenses:4042-Kosten_Overige_Werkgeverpremies	€315.10
	Liabilities:1746-Af_te_dragen_Overige_Werkgeverspremies	€-315.10
	Expenses:4051-Kosten_Spaarloon	€7.66
	Liabilities:1700-Af_te_dragen_Loonheffing	€-7.66
	Expenses:4080-Kosten_Vakantiegeld	€184.00
	Liabilities:1780-Te_Betalen_Reservering_Vakantiegeld	€-184.00
	Expenses:4041-Kosten_Sociale_premies_werkgever	€53.52
	Liabilities:1745-Af_te_dragen_Sociale_premies_Werkgever	€-53.52
	Expenses:4041-Kosten_Sociale_premies_werkgever	€113.57
	Liabilities:1745-Af_te_dragen_Sociale_premies_Werkgever	€-113.57
	Expenses:4041-Kosten_Sociale_premies_werkgever	€15.64
	Liabilities:1745-Af_te_dragen_Sociale_premies_Werkgever	€-15.64
	Expenses:4041-Kosten_Sociale_premies_werkgever	€151.80
	Liabilities:1745-Af_te_dragen_Sociale_premies_Werkgever	€-151.80
2003-01-08 00:00:00 60008/20000001 5862911 XX5862911XX lopende orders1000 AB Am [{9648E539-5ABB-4881-8581-499D7D99D273}]
	Assets:1160-bank_nieuw	€-29062.54
	Liabilities:1600-Crediteuren	€29062.54
	Assets:1160-bank_nieuw	€-3460.50
	Liabilities:1600-Crediteuren	€3460.50
	Assets:1160-bank_nieuw	€-47992.70
	Liabilities:1600-Crediteuren	€47992.70
2003-01-06 00:00:00  [{3FB24BF7-577D-4050-9298-0A5ABE798835}]
	Assets:1160-bank_nieuw	€4500.00
	Assets:1300-Debiteuren	€-4500.00
	Assets:1160-bank_nieuw	€500.00
	Assets:1300-Debiteuren	€-500.00
	Assets:1160-bank_nieuw	€25555.25
	Assets:1300-Debiteuren	€-25555.25
	Assets:1160-bank_nieuw	€4000.00
	Assets:1300-Debiteuren	€-4000.00
	Assets:1160-bank_nieuw	€68000.00
	Assets:1300-Debiteuren	€-68000.00
2003-02-17 00:00:00  [{871D613E-BB83-4614-A3DE-34B68B7E47E1}]
	Assets:1100-ABN_AMRO_Bank_0885210956	€-1608.19
	Liabilities:1600-Crediteuren	€1608.19
	Assets:1100-ABN_AMRO_Bank_0885210956	€-1314.62
	Liabilities:1600-Crediteuren	€1314.62
	Assets:1100-ABN_AMRO_Bank_0885210956	€-1569.91
	Liabilities:1600-Crediteuren	€1569.91
	Assets:1100-ABN_AMRO_Bank_0885210956	€9799.65
	Assets:1300-Debiteuren	€-9799.65
	Assets:1100-ABN_AMRO_Bank_0885210956	€14619.16
	Assets:1300-Debiteuren	€-14619.16
	Assets:1100-ABN_AMRO_Bank_0885210956	€50000.00
	Assets:1300-Debiteuren	€-50000.00
	Assets:1100-ABN_AMRO_Bank_0885210956	€48606.95
	Assets:1300-Debiteuren	€-48606.95
	Assets:1100-ABN_AMRO_Bank_0885210956	€942.35
	Assets:1300-Debiteuren	€-942.35
2003-01-16 00:00:00 VW Passat variant W8 [{DD3D6640-D716-4D8A-9D76-86D48E80EF01}]
	Assets:0230-Wagenpark	€51945.38
	Assets:1511-BTW_Inkopen	€9869.62
	Assets:0230-Wagenpark	€903.36
	Assets:1511-BTW_Inkopen	€171.64
	Assets:0230-Wagenpark	€260.50
	Assets:1511-BTW_Inkopen	€49.50
	Assets:0230-Wagenpark	€563.03
	Assets:1511-BTW_Inkopen	€106.97
	Assets:0230-Wagenpark	€4130.25
	Assets:1511-BTW_Inkopen	€784.75
	Liabilities:1600-Crediteuren	€-68785.00
2003-01-18 00:00:00 Fax/Telefooncombinatie [{66FE2144-775E-4D54-8DB3-ECF44F563141}]
	Assets:0220-Inventaris	€640.00
	Assets:1511-BTW_Inkopen	€121.60
	Expenses:4100-Waterabonnement	€3.44
	Assets:1511-BTW_Inkopen	€0.65
	Liabilities:1600-Crediteuren	€-765.69
2003-02-13 00:00:00 Fax/Telefooncombinatie [{96A5C101-32E2-42FF-ACB9-A62460E05B76}]
	Assets:0220-Inventaris	€630.00
	Assets:1511-BTW_Inkopen	€119.70
	Expenses:4100-Waterabonnement	€8.09
	Assets:1511-BTW_Inkopen	€1.54
	Liabilities:1600-Crediteuren	€-759.33
2003-01-18 00:00:00 Afschrijving [{4BBC206A-1348-43CE-BACB-A3085EEC7BC9}]
	Expenses:4500-Afschrijvingskosten_Activa	€17.78
	Liabilities:0225-Afschrijving_inventaris	€-17.78
2003-02-18 00:00:00 Afschrijving [{FC4B87B6-5ABD-4208-B055-D9508FCEC563}]
	Expenses:4500-Afschrijvingskosten_Activa	€17.78
	Liabilities:0225-Afschrijving_inventaris	€-17.78
2003-02-18 00:00:00 Afschrijving [{5226F66A-0BB9-4A60-9D2D-2D92D1624FC5}]
	Expenses:4500-Afschrijvingskosten_Activa	€17.50
	Liabilities:0225-Afschrijving_inventaris	€-17.50
2003-01-16 00:00:00 Afschrijving [{461006EA-F0BC-4CFA-8D76-8349433A5DC0}]
	Expenses:4500-Afschrijvingskosten_Activa	€865.76
	Liabilities:0235-Afschrijving_wagenpark	€-865.76
2003-02-16 00:00:00 Afschrijving [{2B4A791E-FED0-447A-A3B9-5146F7AB4876}]
	Expenses:4500-Afschrijvingskosten_Activa	€865.76
	Liabilities:0235-Afschrijving_wagenpark	€-865.76
2003-01-16 00:00:00 Afschrijving [{461EB926-8E01-4607-B803-AAE56A24933A}]
	Expenses:4500-Afschrijvingskosten_Activa	€15.06
	Liabilities:0235-Afschrijving_wagenpark	€-15.06
2003-02-16 00:00:00 Afschrijving [{A2526E6D-3046-40E8-BC15-F4A90510CB74}]
	Expenses:4500-Afschrijvingskosten_Activa	€15.06
	Liabilities:0235-Afschrijving_wagenpark	€-15.06
2003-01-16 00:00:00 Afschrijving [{76F05674-1FB8-4098-8A66-19A246485143}]
	Expenses:4500-Afschrijvingskosten_Activa	€4.34
	Liabilities:0235-Afschrijving_wagenpark	€-4.34
2003-02-16 00:00:00 Afschrijving [{E4DEECB6-2C58-4630-B641-EB8437133D78}]
	Expenses:4500-Afschrijvingskosten_Activa	€4.34
	Liabilities:0235-Afschrijving_wagenpark	€-4.34
2003-01-16 00:00:00 Afschrijving [{74EC4143-AE41-4303-9AA6-B3AEC8979CE4}]
	Expenses:4500-Afschrijvingskosten_Activa	€9.38
	Liabilities:0235-Afschrijving_wagenpark	€-9.38
2003-02-16 00:00:00 Afschrijving [{BD6B86AA-AAC0-42DC-9C56-988BA7066B67}]
	Expenses:4500-Afschrijvingskosten_Activa	€9.38
	Liabilities:0235-Afschrijving_wagenpark	€-9.38
2003-01-16 00:00:00 Afschrijving [{6B64AC77-4AFE-4708-BBC7-BCD8D9AA427A}]
	Expenses:4500-Afschrijvingskosten_Activa	€68.84
	Liabilities:0235-Afschrijving_wagenpark	€-68.84
2003-02-16 00:00:00 Afschrijving [{4998E9FE-F226-4514-9A53-FFED588C5F2F}]
	Expenses:4500-Afschrijvingskosten_Activa	€68.84
	Liabilities:0235-Afschrijving_wagenpark	€-68.84
2003-03-16 00:00:00 Afschrijving [{E52AC667-A5ED-4656-98DB-FDC9A04AAD00}]
	Expenses:4500-Afschrijvingskosten_Activa	€865.76
	Liabilities:0235-Afschrijving_wagenpark	€-865.76
2003-03-16 00:00:00 Afschrijving [{AEAC6A7E-A30E-458C-8C6C-165FC5D0EA2C}]
	Expenses:4500-Afschrijvingskosten_Activa	€15.06
	Liabilities:0235-Afschrijving_wagenpark	€-15.06
2003-03-16 00:00:00 Afschrijving [{EF909B76-EF18-44FB-8E83-E13CD3B9FCB6}]
	Expenses:4500-Afschrijvingskosten_Activa	€4.34
	Liabilities:0235-Afschrijving_wagenpark	€-4.34
2003-03-16 00:00:00 Afschrijving [{F1DDDA94-4911-4136-B2C0-0B165E04A30C}]
	Expenses:4500-Afschrijvingskosten_Activa	€9.38
	Liabilities:0235-Afschrijving_wagenpark	€-9.38
2003-03-16 00:00:00 Afschrijving [{A7A5EBF0-0346-4113-8495-EBDBDBAF017B}]
	Expenses:4500-Afschrijvingskosten_Activa	€68.84
	Liabilities:0235-Afschrijving_wagenpark	€-68.84
2003-03-18 00:00:00 Afschrijving [{AE6F4B7D-76AA-46E6-9111-A9F9B8897555}]
	Expenses:4500-Afschrijvingskosten_Activa	€17.78
	Liabilities:0225-Afschrijving_inventaris	€-17.78
2003-03-18 00:00:00 Afschrijving [{C24EB929-BCE7-42EE-A386-94707957AD69}]
	Expenses:4500-Afschrijvingskosten_Activa	€17.50
	Liabilities:0225-Afschrijving_inventaris	€-17.50
2003-04-18 00:00:00 Afschrijving [{02FAFDCC-6BF9-4C0D-95A5-EDE387E8858F}]
	Expenses:4500-Afschrijvingskosten_Activa	€17.78
	Liabilities:0225-Afschrijving_inventaris	€-17.78
2003-04-18 00:00:00 Afschrijving [{B5A097C6-0126-4F3B-BCD8-9E74E003E086}]
	Expenses:4500-Afschrijvingskosten_Activa	€17.50
	Liabilities:0225-Afschrijving_inventaris	€-17.50
2003-04-16 00:00:00 Afschrijving [{F6DE8277-2A9F-4635-8B51-A500EDF6F1C1}]
	Expenses:4500-Afschrijvingskosten_Activa	€865.76
	Liabilities:0235-Afschrijving_wagenpark	€-865.76
2003-04-16 00:00:00 Afschrijving [{DC382051-5193-4387-99DE-5252B0014A4E}]
	Expenses:4500-Afschrijvingskosten_Activa	€15.06
	Liabilities:0235-Afschrijving_wagenpark	€-15.06
2003-04-16 00:00:00 Afschrijving [{CEF3F019-29DE-4562-B15A-65562B46F274}]
	Expenses:4500-Afschrijvingskosten_Activa	€4.34
	Liabilities:0235-Afschrijving_wagenpark	€-4.34
2003-04-16 00:00:00 Afschrijving [{A8C1D56F-A4FF-485F-98E3-31AC67FD8874}]
	Expenses:4500-Afschrijvingskosten_Activa	€9.38
	Liabilities:0235-Afschrijving_wagenpark	€-9.38
2003-04-16 00:00:00 Afschrijving [{829F37D4-B0E8-4859-B413-CC64FA3EAE02}]
	Expenses:4500-Afschrijvingskosten_Activa	€68.84
	Liabilities:0235-Afschrijving_wagenpark	€-68.84
2003-05-18 00:00:00 Afschrijving [{2F1A6C6E-701A-4106-A8C8-FDEE896C5184}]
	Expenses:4500-Afschrijvingskosten_Activa	€17.78
	Liabilities:0225-Afschrijving_inventaris	€-17.78
2003-06-18 00:00:00 Afschrijving [{21E36D79-FBC5-4FDF-82F5-1F5B001A9BA1}]
	Expenses:4500-Afschrijvingskosten_Activa	€17.78
	Liabilities:0225-Afschrijving_inventaris	€-17.78
2003-05-18 00:00:00 Afschrijving [{FDCF4B97-9F77-43BC-9FC7-791F72824CB0}]
	Expenses:4500-Afschrijvingskosten_Activa	€17.50
	Liabilities:0225-Afschrijving_inventaris	€-17.50
2003-06-18 00:00:00 Afschrijving [{8BAC1FAA-9960-4ED1-AC2E-B70083D0FAB5}]
	Expenses:4500-Afschrijvingskosten_Activa	€17.50
	Liabilities:0225-Afschrijving_inventaris	€-17.50
2003-05-16 00:00:00 Afschrijving [{9BE5A502-D257-4B70-8C5A-17B6B6A897FE}]
	Expenses:4500-Afschrijvingskosten_Activa	€865.76
	Liabilities:0235-Afschrijving_wagenpark	€-865.76
2003-06-16 00:00:00 Afschrijving [{FCF99250-3694-49C4-97AD-50818F4E0D0C}]
	Expenses:4500-Afschrijvingskosten_Activa	€865.76
	Liabilities:0235-Afschrijving_wagenpark	€-865.76
2003-05-16 00:00:00 Afschrijving [{E1D70CEB-BBFB-45D9-83E1-49A4515744DF}]
	Expenses:4500-Afschrijvingskosten_Activa	€15.06
	Liabilities:0235-Afschrijving_wagenpark	€-15.06
2003-06-16 00:00:00 Afschrijving [{BD00A5C1-C4DD-4A1F-8EBA-43BF44D9CD27}]
	Expenses:4500-Afschrijvingskosten_Activa	€15.06
	Liabilities:0235-Afschrijving_wagenpark	€-15.06
2003-05-16 00:00:00 Afschrijving [{0FA9AB7E-96E3-4A22-BDB1-A3E25B2B7AAC}]
	Expenses:4500-Afschrijvingskosten_Activa	€4.34
	Liabilities:0235-Afschrijving_wagenpark	€-4.34
2003-06-16 00:00:00 Afschrijving [{3E311F5F-1AA9-40BE-BCDB-509A47C6D792}]
	Expenses:4500-Afschrijvingskosten_Activa	€4.34
	Liabilities:0235-Afschrijving_wagenpark	€-4.34
2003-05-16 00:00:00 Afschrijving [{B068219D-3B3C-445A-A41E-CA0A43333D23}]
	Expenses:4500-Afschrijvingskosten_Activa	€9.38
	Liabilities:0235-Afschrijving_wagenpark	€-9.38
2003-06-16 00:00:00 Afschrijving [{49C529E1-A4FB-450C-8AD7-BB81F1515165}]
	Expenses:4500-Afschrijvingskosten_Activa	€9.38
	Liabilities:0235-Afschrijving_wagenpark	€-9.38
2003-05-16 00:00:00 Afschrijving [{2F84FAE9-A57D-4C9C-85EC-8F645CF58730}]
	Expenses:4500-Afschrijvingskosten_Activa	€68.84
	Liabilities:0235-Afschrijving_wagenpark	€-68.84
2003-06-16 00:00:00 Afschrijving [{B8DE34EB-6A17-404D-8E02-786E4D12B118}]
	Expenses:4500-Afschrijvingskosten_Activa	€68.84
	Liabilities:0235-Afschrijving_wagenpark	€-68.84
2003-07-16 00:00:00 Afschrijving [{B2C1D541-386D-4A1A-BD53-80ADFEADD96C}]
	Expenses:4500-Afschrijvingskosten_Activa	€865.76
	Liabilities:0235-Afschrijving_wagenpark	€-865.76
2003-07-16 00:00:00 Afschrijving [{E3A78960-0255-4960-8CDA-F12FD7A562F9}]
	Expenses:4500-Afschrijvingskosten_Activa	€15.06
	Liabilities:0235-Afschrijving_wagenpark	€-15.06
2003-07-16 00:00:00 Afschrijving [{9E8F16A0-881A-4AF1-85C7-35C86FFDDA95}]
	Expenses:4500-Afschrijvingskosten_Activa	€4.34
	Liabilities:0235-Afschrijving_wagenpark	€-4.34
2003-07-16 00:00:00 Afschrijving [{5EFD15E1-E4C5-4E7F-939B-89EEBBDB8A52}]
	Expenses:4500-Afschrijvingskosten_Activa	€9.38
	Liabilities:0235-Afschrijving_wagenpark	€-9.38
2003-07-16 00:00:00 Afschrijving [{09429265-5CB8-41B8-A880-A022F9F77B32}]
	Expenses:4500-Afschrijvingskosten_Activa	€68.84
	Liabilities:0235-Afschrijving_wagenpark	€-68.84
2003-05-15 00:00:00 Bestelling DB1000+ [{506B8CC2-173B-44C3-A396-840825CA6D4E}]
	Assets:3000-Voorraad	€1500.00
	Assets:2400-Nog_te_ontvangen_fakturen/goederen	€-1500.00
	Assets:3000-Voorraad	€225.00
	Assets:2400-Nog_te_ontvangen_fakturen/goederen	€-225.00
2003-05-19 00:00:00 Aankoop 5 DB1000 [{1F4BDD0E-893F-4774-BC46-24E8D0B613DF}]
	Assets:2400-Nog_te_ontvangen_fakturen/goederen	€750.00
	Assets:1511-BTW_Inkopen	€142.50
	Assets:2400-Nog_te_ontvangen_fakturen/goederen	€1500.00
	Assets:1511-BTW_Inkopen	€285.00
	Assets:2400-Nog_te_ontvangen_fakturen/goederen	€225.00
	Assets:1511-BTW_Inkopen	€42.75
	Assets:2400-Nog_te_ontvangen_fakturen/goederen	€15.00
	Assets:1511-BTW_Inkopen	€2.85
	Liabilities:1600-Crediteuren	€-2963.10
2003-06-02 00:00:00 Best. [{EA072BCF-5070-4E56-BA26-E1861CE768DB}]
	Assets:3000-Voorraad	€1328.10
	Assets:2400-Nog_te_ontvangen_fakturen/goederen	€-1328.10
2003-06-02 00:00:00 Donderdag 19 mei [{B80D9FC2-D108-48EC-8974-6464BC578C8E}]
	Assets:3000-Voorraad	€522.50
	Assets:2400-Nog_te_ontvangen_fakturen/goederen	€-522.50
	Assets:3000-Voorraad	€189.90
	Assets:2400-Nog_te_ontvangen_fakturen/goederen	€-189.90
	Assets:3000-Voorraad	€1400.00
	Assets:2400-Nog_te_ontvangen_fakturen/goederen	€-1400.00
2003-06-02 00:00:00 Best. [{400FEB9D-DD6E-464A-9A1B-84A06F604D0E}]
	Assets:2400-Nog_te_ontvangen_fakturen/goederen	€1328.10
	Assets:1511-BTW_Inkopen	€252.34
	Liabilities:1600-Crediteuren	€-1580.44
2003-06-02 00:00:00 Donderdag 19 mei [{8391179F-FE9A-4D4E-A5EF-6DC0D53BC80A}]
	Assets:2400-Nog_te_ontvangen_fakturen/goederen	€522.50
	Assets:2400-Nog_te_ontvangen_fakturen/goederen	€189.90
	Assets:2400-Nog_te_ontvangen_fakturen/goederen	€1400.00
	Liabilities:1600-Crediteuren	€-2112.40
2003-06-26 00:00:00  [{E3ED7B78-F882-4F19-97C5-0F99602024F0}]
	Assets:1100-ABN_AMRO_Bank_0885210956	€1000.00
	Assets:2700-Niet_toegewezen_betalingen/ontvangsten	€-1000.00
2003-06-26 00:00:00  [{411B3714-6A64-4026-8A37-90C4212BB667}]
	Assets:1160-bank_nieuw	€-2350.00
	Assets:2700-Niet_toegewezen_betalingen/ontvangsten	€2350.00



2003-04-15 00:00:00 Kassaverkoop 26587 [{5329531A-0AFB-4375-8BB3-4780D9D818CC}]
	Income:8000-Omzet	€-226.90
	Income:8000-Omzet	€-1286.16
	Assets:1502-BTW_af_te_dragen	€-287.48
	Assets:1300-Debiteuren	€1800.54

2003-04-15 00:00:00 Kassaverkoop 26587 [{54636581-E370-4599-B34C-D8C8FE4AA144}]
	Assets:1000-Kasboek	€1800.54
	Assets:1300-Debiteuren	€-1800.54

2003-04-15 00:00:00 Kassaverkoop 26587 [{46B6381F-89F3-4AF8-A608-8239A3BDC449}]
	Assets:3000-Voorraad	€-125.00
	Expenses:7000-Kostprijs_verkopen	€125.00
	Assets:3000-Voorraad	€-558.00
	Expenses:7000-Kostprijs_verkopen	€558.00




2003-06-17 00:00:00 Bijbestelling [{388FF175-7A05-413C-BD8C-4B5D4EEDE791}]
	Income:8000-Omzet	€-645.00
	Income:8000-Omzet	€-290.00
	Income:8000-Omzet	€-337.50
	Assets:1502-BTW_af_te_dragen	€-241.78
	Assets:1300-Debiteuren	€1514.28
2003-06-17 00:00:00  [{A3BC7E47-8770-48DE-B48A-6922ECBD5A33}]
	Income:8000-Omzet	€-998.00
	Income:8000-Omzet	€-158.82
	Income:8000-Omzet	€-1679.00
	Income:8000-Omzet	€-455.70
	Assets:1502-BTW_af_te_dragen	€-625.39
	Assets:1300-Debiteuren	€3916.91
2003-07-24 00:00:00 Bestelling DB1000+ [{1265D3D5-EB28-4A6B-AB3C-2639E5507D4E}]
	Assets:3000-Voorraad	€15.00
	Assets:2400-Nog_te_ontvangen_fakturen/goederen	€-15.00
2003-07-24 00:00:00 Aankoop Deltabikes [{D81FC20D-DC91-4F1D-B3C4-993A6034C559}]
	Assets:3000-Voorraad	€1750.00
	Assets:2400-Nog_te_ontvangen_fakturen/goederen	€-1750.00
	Assets:3000-Voorraad	€4335.00
	Assets:2400-Nog_te_ontvangen_fakturen/goederen	€-4335.00
	Assets:3000-Voorraad	€1395.00
	Assets:2400-Nog_te_ontvangen_fakturen/goederen	€-1395.00
	Assets:3000-Voorraad	€598.00
	Assets:2400-Nog_te_ontvangen_fakturen/goederen	€-598.00
	Assets:3000-Voorraad	€4788.00
	Assets:2400-Nog_te_ontvangen_fakturen/goederen	€-4788.00
2003-10-10 00:00:00 XUTB [{B678EA43-323A-44B2-AC8D-8A093B7C5305}]
	Assets:3000-Voorraad	€144.76
	Assets:2400-Nog_te_ontvangen_fakturen/goederen	€-144.76
	Assets:3000-Voorraad	€144.76
	Assets:2400-Nog_te_ontvangen_fakturen/goederen	€-144.76
	Assets:3000-Voorraad	€144.76
	Assets:2400-Nog_te_ontvangen_fakturen/goederen	€-144.76
	Assets:3000-Voorraad	€144.76
	Assets:2400-Nog_te_ontvangen_fakturen/goederen	€-144.76
	Assets:3000-Voorraad	€144.76
	Assets:2400-Nog_te_ontvangen_fakturen/goederen	€-144.76
	Assets:3000-Voorraad	€144.76
	Assets:2400-Nog_te_ontvangen_fakturen/goederen	€-144.76
2003-10-10 00:00:00 BVXXT [{C430DD7E-388D-46CD-9C54-B7EF10286390}]
	Assets:3000-Voorraad	€149.00
	Assets:2400-Nog_te_ontvangen_fakturen/goederen	€-149.00
	Assets:3000-Voorraad	€149.00
	Assets:2400-Nog_te_ontvangen_fakturen/goederen	€-149.00
	Assets:3000-Voorraad	€149.00
	Assets:2400-Nog_te_ontvangen_fakturen/goederen	€-149.00
	Assets:3000-Voorraad	€149.00
	Assets:2400-Nog_te_ontvangen_fakturen/goederen	€-149.00
	Assets:3000-Voorraad	€149.00
	Assets:2400-Nog_te_ontvangen_fakturen/goederen	€-149.00
	Assets:3000-Voorraad	€149.00
	Assets:2400-Nog_te_ontvangen_fakturen/goederen	€-149.00
	Assets:3000-Voorraad	€149.00
	Assets:2400-Nog_te_ontvangen_fakturen/goederen	€-149.00
	Assets:3000-Voorraad	€149.00
	Assets:2400-Nog_te_ontvangen_fakturen/goederen	€-149.00
2003-10-10 00:00:00 BVXXT [{47D52C70-B079-49F9-B2FB-97607641A572}]
	Assets:2400-Nog_te_ontvangen_fakturen/goederen	€1192.00
	Assets:1511-BTW_Inkopen	€226.48
	Liabilities:1600-Crediteuren	€-1418.48
2003-10-10 00:00:00 XUTB [{9EC3C338-42BE-47FA-9B07-BE4063B8B288}]
	Assets:2400-Nog_te_ontvangen_fakturen/goederen	€868.56
	Assets:1511-BTW_Inkopen	€165.03
	Liabilities:1600-Crediteuren	€-1033.59
2003-10-10 00:00:00 Dhr Clapsis [{4C39B9EE-0B5C-4247-B24B-CE813C9D6D2C}]
	Assets:3000-Voorraad	€-289.00
	Expenses:7000-Kostprijs_verkopen	€289.00
	Assets:3000-Voorraad	€-289.00
	Expenses:7000-Kostprijs_verkopen	€289.00
	Assets:3000-Voorraad	€-289.00
	Expenses:7000-Kostprijs_verkopen	€289.00
2003-10-10 00:00:00 Serial/batch data [{446D79DF-AEDE-477B-A83B-30BE15AAFA2B}]
	Assets:3000-Voorraad	€0.00
	Expenses:7000-Kostprijs_verkopen	€0.00
	Assets:3000-Voorraad	€0.00
	Expenses:7000-Kostprijs_verkopen	€0.00
	Assets:3000-Voorraad	€0.00
	Expenses:7000-Kostprijs_verkopen	€0.00
2003-10-10 00:00:00 - To - Boston [{DADEE94F-54A7-4358-9A46-88B724A7A66E}]
	Assets:3000-Voorraad	€0.00
	Assets:2400-Nog_te_ontvangen_fakturen/goederen	€0.00
2003-10-10 00:00:00 Dhr Clapsis [{745D8F39-0320-478C-899D-4CDA53640531}]
	Income:8000-Omzet	€-1827.00
	Assets:1502-BTW_af_te_dragen	€-347.13
	Assets:1300-Debiteuren	€2174.13
2003-10-13 00:00:00 Dhr Clapsis [{F9A39975-C0D9-47F2-AE42-893271A22C19}]
	Assets:3000-Voorraad	€-316.20
	Expenses:7000-Kostprijs_verkopen	€316.20
	Assets:3000-Voorraad	€-316.20
	Expenses:7000-Kostprijs_verkopen	€316.20
2003-10-13 00:00:00 Serial/batch data [{84343C86-0714-4644-8D4E-B249C6F81A9D}]
	Assets:3000-Voorraad	€0.00
	Expenses:7000-Kostprijs_verkopen	€0.00
	Assets:3000-Voorraad	€0.00
	Expenses:7000-Kostprijs_verkopen	€0.00
2003-10-13 00:00:00 - To - Boston [{D4CF945A-D448-4169-911B-CD4A46B56E23}]
	Assets:3000-Voorraad	€0.00
	Assets:2400-Nog_te_ontvangen_fakturen/goederen	€0.00
2003-10-13 00:00:00 Dhr Clapsis [{5AF2B210-1958-4283-B452-159CBC6AEED3}]
	Income:8000-Omzet	€-1098.00
	Assets:1502-BTW_af_te_dragen	€-208.62
	Assets:1300-Debiteuren	€1306.62
2003-10-27 00:00:00 Koersverschil [{5AAFAB15-CBA8-4544-99BE-388773A4FDB6}]
	Assets:1300-Debiteuren	€-9.13
	Expenses:9250-Koeswinst/verlies	€9.13
2003-10-27 00:00:00 Dhr Clapsis [{1930097A-28C9-4EFF-9613-F2532435B0B5}]
	Assets:1200-Postbank_P9452367	€2165.00
	Assets:1300-Debiteuren	€-2165.00
2003-10-31 00:00:00 Betalingsverschil [{9168139A-8734-4B8D-96F5-42957740B03D}]
	Assets:1300-Debiteuren	€-86.62
	Expenses:9420-Betalingsverschillen_verkoop	€86.62
2003-10-02 00:00:00  [{D006CB6F-C8D7-4817-A839-0A1BD3AB07DA}]
	Income:8000-Omzet	€-1827.00
	Income:8000-Omzet	€-1798.00
	Assets:1502-BTW_af_te_dragen	€-688.75
	Assets:1300-Debiteuren	€4313.75
2003-10-02 00:00:00  [{6A35F7F9-DB96-4256-8636-A9962E1F337B}]
	Assets:1160-bank_nieuw	€897.00
	Assets:2700-Niet_toegewezen_betalingen/ontvangsten	€-897.00
2003-10-11 00:00:00  [{4685D20A-E801-47E4-8B43-30F3CDF81BCB}]
	Assets:1160-bank_nieuw	€-1657.00
	Assets:2700-Niet_toegewezen_betalingen/ontvangsten	€1657.00
2003-10-18 00:00:00  [{10CEE531-4898-4D27-8965-BAD6B1F9DE35}]
	Assets:1100-ABN_AMRO_Bank_0885210956	€-2561.00
	Liabilities:1600-Crediteuren	€2561.00
2003-09-16 00:00:00 BB0212 [{24A7F344-2F1D-4413-A694-8EF501D93D2F}]
	Income:8000-Omzet	€-1790.46
	Income:8000-Omzet	€-1992.15
	Income:8000-Omzet	€-516.00
	Income:8000-Omzet	€-290.00
	Assets:1502-BTW_af_te_dragen	€-871.84
	Assets:1300-Debiteuren	€5460.45
2003-10-18 00:00:00 BB0212 [{4FBD2D77-1CE6-4C91-9E9D-AC959B4AC524}]
	Assets:1100-ABN_AMRO_Bank_0885210956	€5460.45
	Assets:1300-Debiteuren	€-5460.45
2003-09-25 00:00:00 Offerte 942367 [{643B1D55-EA5C-4683-B0FB-760E57192ED4}]
	Assets:3000-Voorraad	€1395.00
	Assets:2400-Nog_te_ontvangen_fakturen/goederen	€-1395.00
	Assets:3000-Voorraad	€299.00
	Assets:2400-Nog_te_ontvangen_fakturen/goederen	€-299.00
	Assets:3000-Voorraad	€299.00
	Assets:2400-Nog_te_ontvangen_fakturen/goederen	€-299.00
	Assets:3000-Voorraad	€299.00
	Assets:2400-Nog_te_ontvangen_fakturen/goederen	€-299.00
	Assets:3000-Voorraad	€299.00
	Assets:2400-Nog_te_ontvangen_fakturen/goederen	€-299.00
	Assets:3000-Voorraad	€299.00
	Assets:2400-Nog_te_ontvangen_fakturen/goederen	€-299.00
	Assets:3000-Voorraad	€299.00
	Assets:2400-Nog_te_ontvangen_fakturen/goederen	€-299.00
2003-09-29 00:00:00 Offerte 942367 [{FAF19F60-25F9-49F2-9CDD-119991A36285}]
	Assets:2400-Nog_te_ontvangen_fakturen/goederen	€1395.00
	Assets:1511-BTW_Inkopen	€265.05
	Assets:2400-Nog_te_ontvangen_fakturen/goederen	€1794.00
	Assets:1511-BTW_Inkopen	€340.86
	Liabilities:1600-Crediteuren	€-3794.91
2003-10-08 00:00:00 Offerte 942367 [{C554B709-0176-443F-9588-D6ED51F944A6}]
	Assets:1100-ABN_AMRO_Bank_0885210956	€-3794.91
	Liabilities:1600-Crediteuren	€3794.91
2003-10-03 00:00:00  [{35B132F6-7C3D-4193-A1AB-FF2C03637397}]
	Assets:3000-Voorraad	€90.00
	Assets:1511-BTW_Inkopen	€17.10
	Assets:3000-Voorraad	€290.00
	Assets:1511-BTW_Inkopen	€55.10
	Liabilities:1600-Crediteuren	€-452.20
2003-10-30 00:00:00 Betalingsverschil [{7998FDE2-4A60-4652-88F5-94247BA2EF43}]
	Liabilities:1600-Crediteuren	€2.20
	Expenses:9430-Betalingsverschillen_inkoop	€-2.20
2003-10-30 00:00:00 Betalingsverschil [{2E46CDEC-E0CD-46D2-B757-6E874E26F5B2}]
	Liabilities:1600-Crediteuren	€5.00
	Expenses:9430-Betalingsverschillen_inkoop	€-5.00
2003-10-30 00:00:00  [{C380104E-1633-4066-AFF1-322C045ABC5C}]
	Assets:1100-ABN_AMRO_Bank_0885210956	€-445.00
	Liabilities:1600-Crediteuren	€445.00
2003-08-16 00:00:00 Afschrijving [{5FE03548-D847-40ED-B4CF-7A9990109EE3}]
	Expenses:4500-Afschrijvingskosten_Activa	€865.76
	Liabilities:0235-Afschrijving_wagenpark	€-865.76
2003-09-16 00:00:00 Afschrijving [{D87F0BF3-D5BF-47FD-8328-4F3F56BAF31E}]
	Expenses:4500-Afschrijvingskosten_Activa	€865.76
	Liabilities:0235-Afschrijving_wagenpark	€-865.76
2003-10-16 00:00:00 Afschrijving [{581484F8-832D-4DA7-9851-82A3F3987D11}]
	Expenses:4500-Afschrijvingskosten_Activa	€865.76
	Liabilities:0235-Afschrijving_wagenpark	€-865.76
2003-10-01 00:00:00 Werkbank I [{BC3829AB-4419-4F2F-BBA2-FD30DC69FE98}]
	Assets:0220-Inventaris	€8302.52
	Assets:1511-BTW_Inkopen	€1577.48
	Liabilities:1600-Crediteuren	€-9880.00
2003-10-01 00:00:00 Afschrijving [{8EE63D82-97AA-435F-8FB6-2D4F21C6151B}]
	Expenses:4500-Afschrijvingskosten_Activa	€230.63
	Liabilities:0225-Afschrijving_inventaris	€-230.63
2003-10-30 00:00:00  [{5A8F6B7F-6E4D-42C2-BFFA-4F996158EAA0}]
	Assets:1100-ABN_AMRO_Bank_0885210956	€-9880.00
	Liabilities:1600-Crediteuren	€9880.00
2003-11-03 00:00:00  [{2FAA8AF0-2A7A-481D-B3B1-FFF3E0D3E829}]
	Assets:5000-Dekking_uren	€-40.00
	Expenses:7000-Kostprijs_verkopen	€40.00
	Assets:5000-Dekking_uren	€-10.00
	Expenses:7000-Kostprijs_verkopen	€10.00
2004-02-19 00:00:00 contract op hefbrug [{F7820C74-E43E-4182-A8E8-8A4889E85C94}]
	Assets:3000-Voorraad	€-268.00
	Expenses:7000-Kostprijs_verkopen	€268.00
2004-02-19 00:00:00 Serial/batch data [{9A2C8444-5AB1-4638-87A6-8C05B0497CF4}]
	Assets:3000-Voorraad	€0.00
	Expenses:7000-Kostprijs_verkopen	€0.00
2004-02-19 00:00:00  [{4EDEE7AE-64E4-45C0-A64E-3554A49567D4}]
	Assets:3000-Voorraad	€565.75
	Expenses:7000-Kostprijs_verkopen	€-565.75
	Assets:3000-Voorraad	€0.00
	Expenses:7000-Kostprijs_verkopen	€0.00
2004-02-19 00:00:00  [{BEBB3DB7-337F-4A70-8A58-C477FF31ED40}]
	Assets:3000-Voorraad	€0.00
	Expenses:7000-Kostprijs_verkopen	€0.00
	Assets:3000-Voorraad	€0.00
	Expenses:7000-Kostprijs_verkopen	€0.00
2004-02-19 00:00:00  [{797F2285-7ABC-4F4A-9165-DEBA8D454001}]
	Income:8000-Omzet	€-1362.50
	Assets:1502-BTW_af_te_dragen	€-258.88
	Assets:1300-Debiteuren	€1621.38
2004-02-19 00:00:00 order februari [{2A809C8B-CAF5-4528-8E8E-67069F4ED89D}]
	Income:8000-Omzet	€-3675.00
	Income:8000-Omzet	€-900.00
	Assets:1502-BTW_af_te_dragen	€-869.25
	Assets:1300-Debiteuren	€5444.25
2004-02-19 00:00:00 order februari [{3B59999A-CD20-4EB5-950C-50AF72148FAD}]
	Income:8000-Omzet	€-145.00
	Income:8000-Omzet	€-36.30
	Income:8000-Omzet	€-29.04
	Income:8000-Omzet	€-566.80
	Income:8000-Omzet	€-45.00
	Income:8000-Omzet	€-258.00
	Income:8000-Omzet	€-250.70
	Assets:1502-BTW_af_te_dragen	€-252.86
	Assets:1300-Debiteuren	€1583.70
2004-02-19 00:00:00 contract op hefbrug [{7AAFC89A-9B80-4F31-B63F-26EB4909D82A}]
	Income:8000-Omzet	€-550.00
	Assets:1502-BTW_af_te_dragen	€-104.50
	Assets:1300-Debiteuren	€654.50
2004-02-19 00:00:00  [{2C45D1C1-EE92-4A2C-99F4-18C1D7F018AF}]
	Income:8000-Omzet	€-150.00
	Income:8000-Omzet	€0.00
	Assets:1502-BTW_af_te_dragen	€-28.50
	Assets:1300-Debiteuren	€178.50
2004-02-19 00:00:00  [{C0EB61AC-651B-4005-A489-EEA4191A0691}]
	Assets:1200-Postbank_P9452367	€178.50
	Assets:1300-Debiteuren	€-178.50
2004-04-28 00:00:00 Delta 5000 60021 [{9D34275B-1EE9-4123-9E57-6CB8A87AA39F}]
	Assets:3000-Voorraad	€-399.00
	Expenses:7000-Kostprijs_verkopen	€399.00
	Assets:3000-Voorraad	€-399.00
	Expenses:7000-Kostprijs_verkopen	€399.00
	Assets:3000-Voorraad	€-399.00
	Expenses:7000-Kostprijs_verkopen	€399.00
	Assets:3000-Voorraad	€-399.00
	Expenses:7000-Kostprijs_verkopen	€399.00
2004-04-28 00:00:00 Serial/batch data [{542258C0-8687-44D7-853B-2D67E1EB863F}]
	Assets:3000-Voorraad	€0.00
	Expenses:7000-Kostprijs_verkopen	€0.00
	Assets:3000-Voorraad	€0.00
	Expenses:7000-Kostprijs_verkopen	€0.00
	Assets:3000-Voorraad	€0.00
	Expenses:7000-Kostprijs_verkopen	€0.00
	Assets:3000-Voorraad	€0.00
	Expenses:7000-Kostprijs_verkopen	€0.00
2004-04-28 00:00:00 - To - DOESBURG [{B9D5C416-2BF7-41FF-AC82-69390959C4F1}]
	Assets:3000-Voorraad	€0.00
	Assets:2400-Nog_te_ontvangen_fakturen/goederen	€0.00
2003-10-31 00:00:00 Sponsoring Worldtour [{5283F28A-9911-4D7D-87DB-64768B098026}]
	Assets:1200-Postbank_P9452367	€1220.00
	Assets:1300-Debiteuren	€-1220.00
2003-06-26 00:00:00 Betaling Mountain House [{B3A0B299-3BD8-43D7-98D9-F2FF4C0C82F7}]
	Assets:1100-ABN_AMRO_Bank_0885210956	€4000.00
	Assets:1300-Debiteuren	€-4000.00
2003-10-02 00:00:00 Betaling Deltabike [{C37D4A5B-1914-4053-97F2-08EB549BFB20}]
	Assets:1200-Postbank_P9452367	€2100.00
	Assets:1300-Debiteuren	€-2100.00
2003-01-03 00:00:00 60008/228754 factuur 228754 overname openstaande posten1000 [{06B97A76-8D84-4E89-BA26-FDF7B6974743}]
	Assets:1160-bank_nieuw	€-7000.00
	Liabilities:1600-Crediteuren	€7000.00
	Assets:1160-bank_nieuw	€-6894.00
	Liabilities:1600-Crediteuren	€6894.00
	Assets:1160-bank_nieuw	€-7854.00
	Liabilities:1600-Crediteuren	€7854.00
	Assets:1160-bank_nieuw	€-500.00
	Liabilities:1600-Crediteuren	€500.00
	Assets:1160-bank_nieuw	€-4500.00
	Liabilities:1600-Crediteuren	€4500.00
	Assets:1160-bank_nieuw	€-11174.00
	Liabilities:1600-Crediteuren	€11174.00
	Assets:1160-bank_nieuw	€-1500.00
	Liabilities:1600-Crediteuren	€1500.00
	Assets:1160-bank_nieuw	€-10578.00
	Liabilities:1600-Crediteuren	€10578.00
2003-02-05 00:00:00 60011/20000002 1020 7635419 XX1020/7635419XX lopende orders2 [{44A603EA-A284-40E7-AA6F-98668445DB84}]
	Assets:1160-bank_nieuw	€-33917.38
	Liabilities:1600-Crediteuren	€33917.38
	Assets:1160-bank_nieuw	€-2656.56
	Liabilities:1600-Crediteuren	€2656.56
2003-02-22 00:00:00 bijbest. brochures [{8D855804-EFFA-4EE1-94CD-1CC44E6A26CA}]
	Assets:2400-Nog_te_ontvangen_fakturen/goederen	€1500.00
	Assets:1511-BTW_Inkopen	€285.00
	Liabilities:1600-Crediteuren	€-1785.00
2009-07-23 00:00:00  [{AA54CC88-58AD-4A35-85EB-BDC4F1785D85}]
	Assets:1160-bank_nieuw	€-500.00
	Assets:1300-Debiteuren	€500.00
	Assets:1160-bank_nieuw	€-1000.00
	Assets:1300-Debiteuren	€1000.00
	Assets:1160-bank_nieuw	€-1500.00
	Assets:1300-Debiteuren	€1500.00
2009-07-23 00:00:00  [{AE89B9ED-5F81-4BA7-8CF3-C97F1195BAA2}]
	Income:8000-Omzet	€-210.08
	Assets:1502-BTW_af_te_dragen	€-39.92
	Assets:1300-Debiteuren	€250.00
2009-07-28 00:00:00  [{701B39AB-7793-4927-B74D-55D455AE05FB}]
	Expenses:4100-Waterabonnement	€500.00
	Assets:2600-Tussenrekening_memoriaal	€-500.00
2009-07-31 00:00:00 TOMTOM [{BCA824D5-31BC-4964-9B32-0C1A763657A9}]
	Assets:0200-Gebouwen	€1000.00
	Liabilities:1600-Crediteuren	€-1000.00
2009-07-31 00:00:00  [{D5C42A6F-922B-47D5-8135-CB64D62F371C}]
	Assets:2222-ongerealiseerd_resultaat_beleggingen	€-500.00
	Assets:0200-Gebouwen	€500.00
2009-07-31 00:00:00 test [{96C673DA-82DE-4599-BCC0-174CF8C6AE6A}]
	Assets:0230-Wagenpark	€-903.36
	Expenses:4000-Brutolonen	€903.36
2009-07-31 00:00:00 test [{9436F8E7-D4AB-4256-BF28-5BBB398A2942}]
	Expenses:4000-Brutolonen	€-105.42
	Liabilities:0235-Afschrijving_wagenpark	€105.42
2009-07-31 00:00:00 test verkopen [{9D208507-AAAF-4E23-A046-4E2231B745FF}]
	Assets:0200-Gebouwen	€-1500.00
	Expenses:4000-Brutolonen	€1500.00
2009-07-31 00:00:00 T2 [{EFC61930-DF82-4379-88B2-17B5A8804A0B}]
	Assets:0200-Gebouwen	€1000.00
	Assets:1511-BTW_Inkopen	€190.00
	Liabilities:1600-Crediteuren	€-1190.00
2009-07-31 00:00:00  [{9076DAF3-4827-4750-B82D-EF1BC780F603}]
	Assets:0200-Gebouwen	€-1000.00
	Liabilities:0205-Afschrijving_Gebouwen	€0.00
	Expenses:4000-Brutolonen	€1000.00
2009-07-31 00:00:00  [{23939C01-A408-4F76-A469-2BDB6FD9D303}]
	Assets:2800-Belegd_Vermogen	€200.00
	Assets:2810-Ongerealiseerd_beleggingsresultaat	€-200.00
2009-07-31 00:00:00  [{9E2099EE-0599-47CA-A5B7-8E92C13132EF}]
	Assets:1010-Beleggingsrekening	€5000.00
	Assets:2600-Tussenrekening_memoriaal	€-5000.00
	Assets:1010-Beleggingsrekening	€-1000.00
	Assets:2800-Belegd_Vermogen	€1000.00
	Assets:1300-Debiteuren	€-5000.00
	Assets:1300-Debiteuren	€5000.00
	Liabilities:1600-Crediteuren	€1000.00
	Liabilities:1600-Crediteuren	€-1000.00
2009-07-31 00:00:00 verkoop TomTom [{F6C6921F-ED1A-4B2D-8D13-11DCF5841291}]
	Assets:1010-Beleggingsrekening	€1300.00
	Assets:2800-Belegd_Vermogen	€-1300.00
	Assets:1300-Debiteuren	€-1300.00
	Assets:1300-Debiteuren	€1300.00
2009-07-31 00:00:00  [{3AD86672-2605-4381-A58A-FB4AA130EE08}]
	Assets:2800-Belegd_Vermogen	€100.00
	Assets:2810-Ongerealiseerd_beleggingsresultaat	€200.00
	Expenses:8010-Beleggingsresultaat	€-300.00
2009-07-31 00:00:00 Inkoop TomTom [{5DCDA542-3569-427F-AB67-3339B11A94CD}]
	Assets:2000-Belegd_vermogen	€1000.00
	Liabilities:1600-Crediteuren	€-1000.00
2009-07-31 00:00:00  [{2C2265E4-40D0-46AA-89F2-ABF0CD5CB7DB}]
	Assets:2000-Belegd_vermogen	€1100.00
	Assets:2500-Tussenrekening_logistiek	€-1100.00
	Assets:2000-Belegd_vermogen	€-1000.00
	Assets:2500-Tussenrekening_logistiek	€1000.00
	Expenses:9050-Prijsverschillen	€-100.00
	Assets:2500-Tussenrekening_logistiek	€100.00
2009-07-31 00:00:00 Verkoop TomTom [{868E9979-79A7-4AFB-BA0C-E1B89F1F530C}]
	Assets:2000-Belegd_vermogen	€-1500.00
	Liabilities:1600-Crediteuren	€1500.00
2009-07-31 00:00:00  [{3E378E1B-5571-4CC1-A4E7-8FA1ED0B368E}]
	Assets:2000-Belegd_vermogen	€400.00
	Assets:2500-Tussenrekening_logistiek	€-400.00
	Expenses:9050-Prijsverschillen	€-400.00
	Assets:2500-Tussenrekening_logistiek	€400.00
2009-08-27 00:00:00  [{DF154469-3125-425E-873F-CC07CFBD3DF2}]
	Assets:3000-Voorraad	€-150.00
	Expenses:7000-Kostprijs_verkopen	€150.00
2009-09-01 00:00:00  [{D50CFAD2-DCED-4B68-9ACD-5D9ED1BBD49B}]
	Income:8000-Omzet	€-490.00
	Assets:1502-BTW_af_te_dragen	€-93.10
	Assets:1300-Debiteuren	€583.10
2009-09-01 00:00:00 555 [{E5D2C32B-3694-4AF7-A76A-DBDDD0866CFF}]
	Income:8000-Omzet	€-49.00
	Assets:1502-BTW_af_te_dragen	€-9.31
	Assets:1300-Debiteuren	€58.31
2009-09-01 00:00:00  [{FA311638-8ED6-470D-9B25-0299519EFD32}]
	Income:8000-Omzet	€-75.00
	Assets:1502-BTW_af_te_dragen	€-14.25
	Assets:1300-Debiteuren	€89.25
2009-09-01 00:00:00  [{1B5593C3-7211-4C7C-89E7-3042C2C659B5}]
	Income:8000-Omzet	€-100.00
	Income:8000-Omzet	€-125.00
	Income:8000-Omzet	€125.00
	Assets:1502-BTW_af_te_dragen	€-19.00
	Assets:1300-Debiteuren	€119.00
2009-09-01 00:00:00  [{91AB6B51-FA19-43E9-978A-AF005FC7E953}]
	Assets:1100-ABN_AMRO_Bank_0885210956	€250.00
	Assets:1300-Debiteuren	€-250.00
2009-09-01 00:00:00 test opslaan PDF [{06F56158-80C5-44BB-BEAA-CFC1E5CC06A2}]
	Income:8000-Omzet	€-49.00
	Assets:1502-BTW_af_te_dragen	€-9.31
	Assets:1300-Debiteuren	€58.31
2009-09-01 00:00:00 test2 PDF [{D8631F31-42AE-4868-AF7D-4FB1DA58F658}]
	Income:8000-Omzet	€-49.00
	Assets:1502-BTW_af_te_dragen	€-9.31
	Assets:1300-Debiteuren	€58.31
2009-09-01 00:00:00 www [{F32915F9-E4E8-46AF-A7E6-9A25E59926A3}]
	Income:8000-Omzet	€-49.00
	Assets:1502-BTW_af_te_dragen	€-9.31
	Assets:1300-Debiteuren	€58.31
2009-09-01 00:00:00 wwww [{6BE806F9-3EB5-403A-8748-99AC93BEC54A}]
	Income:8000-Omzet	€-49.00
	Assets:1502-BTW_af_te_dragen	€-9.31
	Assets:1300-Debiteuren	€58.31
2009-09-02 00:00:00 Assembleren [{F607C271-305F-481D-A082-11C02BD83C6E}]
	Assets:5000-Dekking_uren	€-530.32
	Expenses:7000-Kostprijs_verkopen	€530.32
2009-09-02 00:00:00 assemblage algemeen [{2C7F64B5-B291-431F-891E-AAA6EE5A13B2}]
	Assets:5000-Dekking_uren	€-19.96
	Expenses:7000-Kostprijs_verkopen	€19.96
2009-09-02 00:00:00 assemblage algemeen [{B8CA2FDB-7261-40F1-B08A-CD404234F85C}]
	Assets:5000-Dekking_uren	€-19.96
	Expenses:7000-Kostprijs_verkopen	€19.96
2009-09-03 00:00:00 assemblage algemeen [{0F6AEC9A-CEEA-4257-B3F2-EA83F1D30676}]
	Assets:5000-Dekking_uren	€-19.96
	Expenses:7000-Kostprijs_verkopen	€19.96
2009-09-03 00:00:00 assemblage algemeen [{087F8ADE-18CF-4EE6-BC85-12A4AF896237}]
	Assets:5000-Dekking_uren	€-19.96
	Expenses:7000-Kostprijs_verkopen	€19.96
2009-09-04 00:00:00 assemblage algemeen [{74C8151B-E6CD-4356-A26D-F44E9D73D20F}]
	Assets:5000-Dekking_uren	€-19.96
	Expenses:7000-Kostprijs_verkopen	€19.96
2009-09-04 00:00:00 assemblage algemeen [{F698621E-AFCB-422B-BB10-E339BCFA0553}]
	Assets:5000-Dekking_uren	€-19.96
	Expenses:7000-Kostprijs_verkopen	€19.96
2009-09-07 00:00:00 assemblage algemeen [{9CAA6E84-3B92-4EB4-8F66-B6D34D59C53A}]
	Assets:5000-Dekking_uren	€-19.96
	Expenses:7000-Kostprijs_verkopen	€19.96
2009-09-07 00:00:00 assemblage algemeen [{C8845EAF-CA4F-418E-9C59-4055145466D7}]
	Assets:5000-Dekking_uren	€-19.96
	Expenses:7000-Kostprijs_verkopen	€19.96
2009-09-08 00:00:00 assemblage algemeen [{3C23E0E3-B0BE-4DFF-B189-D769C0EB4D52}]
	Assets:5000-Dekking_uren	€-19.96
	Expenses:7000-Kostprijs_verkopen	€19.96
2009-09-08 00:00:00 assemblage algemeen [{B8D5DCD2-882D-44D0-93D4-6214FF5A6D00}]
	Assets:5000-Dekking_uren	€-19.96
	Expenses:7000-Kostprijs_verkopen	€19.96
2009-09-09 00:00:00 assemblage algemeen [{EFF02733-9706-41D7-B68C-E574421CB058}]
	Assets:5000-Dekking_uren	€-19.96
	Expenses:7000-Kostprijs_verkopen	€19.96
2009-09-09 00:00:00 assemblage algemeen [{E1C913AC-773F-4760-91C4-037D0650B9EE}]
	Assets:5000-Dekking_uren	€-19.96
	Expenses:7000-Kostprijs_verkopen	€19.96
2009-09-10 00:00:00 assemblage algemeen [{1BE7165C-FDFD-42C0-BBBE-69073FA13E01}]
	Assets:5000-Dekking_uren	€-19.96
	Expenses:7000-Kostprijs_verkopen	€19.96
2009-09-10 00:00:00 assemblage algemeen [{AFF30C76-9E6E-4F89-8012-1C62E6A7E51D}]
	Assets:5000-Dekking_uren	€-19.96
	Expenses:7000-Kostprijs_verkopen	€19.96
2009-09-11 00:00:00 assemblage algemeen [{FD387E5E-FC51-4E12-9BA3-07C7E0EE25C1}]
	Assets:5000-Dekking_uren	€-19.96
	Expenses:7000-Kostprijs_verkopen	€19.96
2009-09-11 00:00:00 assemblage algemeen [{9874438D-785F-4D61-8A06-C4787C4A48AA}]
	Assets:5000-Dekking_uren	€-19.96
	Expenses:7000-Kostprijs_verkopen	€19.96
2009-09-02 00:00:00  [{40DA95DF-CEAF-4497-942C-AF1CEBE20FD6}]
	Assets:3000-Voorraad	€-15.00
	Expenses:7000-Kostprijs_verkopen	€15.00
2009-09-07 00:00:00  [{16A7E168-7BE5-40F1-82F7-5A7D5E233FA3}]
	Assets:3000-Voorraad	€-150.00
	Expenses:7000-Kostprijs_verkopen	€150.00
	Assets:3000-Voorraad	€0.00
	Expenses:7000-Kostprijs_verkopen	€0.00
	Assets:3000-Voorraad	€-20.00
	Expenses:7000-Kostprijs_verkopen	€20.00
2009-09-07 00:00:00  [{3B0AA3BA-2924-45D8-B3FE-791E82E88CEF}]
	Assets:3000-Voorraad	€0.00
	Expenses:7000-Kostprijs_verkopen	€0.00
	Assets:3000-Voorraad	€-10.00
	Expenses:7000-Kostprijs_verkopen	€10.00
2009-09-07 00:00:00  [{23C2296D-BD1E-4DEA-B67A-9EE3F11C3C19}]
	Income:8000-Omzet	€0.00
	Income:8000-Omzet	€10.00
	Assets:1502-BTW_af_te_dragen	€1.90
	Assets:1300-Debiteuren	€-11.90
2009-09-07 00:00:00  [{B5B1353B-16F4-4E25-AFFE-8EFACB70308C}]
	Income:8000-Omzet	€-490.00
	Income:8000-Omzet	€0.00
	Income:8000-Omzet	€-20.00
	Assets:1502-BTW_af_te_dragen	€0.00
	Assets:1300-Debiteuren	€510.00
2009-09-07 00:00:00  [{D100B3D3-8B67-45F0-AA94-5311CFA81159}]
	Assets:1160-bank_nieuw	€476.00
	Income:8000-Omzet	€-400.00
	Assets:1502-BTW_af_te_dragen	€-76.00
	Assets:1300-Debiteuren	€-476.00
	Assets:1300-Debiteuren	€476.00
2009-09-07 00:00:00  [{9573C341-E68D-403A-A4D5-ECC6C15B3A2F}]
	Assets:3000-Voorraad	€-80.00
	Expenses:7000-Kostprijs_verkopen	€80.00
	Assets:3000-Voorraad	€0.00
	Expenses:7000-Kostprijs_verkopen	€0.00
	Assets:3000-Voorraad	€-20.00
	Expenses:7000-Kostprijs_verkopen	€20.00
2009-09-07 00:00:00  [{F477D10A-A022-465B-9CB5-FD79DE9A8FA6}]
	Assets:3000-Voorraad	€0.00
	Expenses:7000-Kostprijs_verkopen	€0.00
	Assets:3000-Voorraad	€-10.00
	Expenses:7000-Kostprijs_verkopen	€10.00
2009-09-08 00:00:00  [{F5EC1E83-C639-4D8E-85BC-BA3984E1EC7F}]
	Assets:1160-bank_nieuw	€-500.00
	Expenses:4000-Brutolonen	€500.00
	Liabilities:1600-Crediteuren	€500.00
	Liabilities:1600-Crediteuren	€-500.00
2009-09-11 00:00:00 test [{54111A44-C69E-40F5-AC8B-F48A5120CC64}]
	Income:8000-Omzet	€-49.00
	Assets:1502-BTW_af_te_dragen	€-9.31
	Assets:1300-Debiteuren	€58.31
2009-09-15 00:00:00 PO [{49EAA61F-81F3-4F6E-983B-0CC0A7B716F4}]
	Assets:3000-Voorraad	€1850.00
	Assets:2400-Nog_te_ontvangen_fakturen/goederen	€-1850.00
2009-09-15 00:00:00 PO [{AE9B5C4C-85FE-4696-BC78-18D1DC6F354F}]
	Expenses:9050-Prijsverschillen	€150.00
	Assets:2400-Nog_te_ontvangen_fakturen/goederen	€1850.00
	Liabilities:1600-Crediteuren	€-2000.00
2009-09-15 00:00:00  [{00F8A44B-3C4C-4AFD-9592-C27E3C35862D}]
	Assets:3000-Voorraad	€-9.25
	Assets:2400-Nog_te_ontvangen_fakturen/goederen	€9.25
2009-09-15 00:00:00 PO [{FE0A4FB4-C4D3-44E3-B48D-6DFB6A042F8F}]
	Assets:3000-Voorraad	€9.25
	Assets:2400-Nog_te_ontvangen_fakturen/goederen	€-9.25
2009-09-15 00:00:00  [{9E06356E-4F6E-45D8-8D46-020EFA006C7F}]
	Assets:1000-Kasboek	€-500.00
	Liabilities:1600-Crediteuren	€500.00
2009-09-15 00:00:00 Verkoop TomTom [{9654A427-FAFF-4ED7-92EF-70FC5BA5D8B5}]
	Expenses:4000-Brutolonen	€630.25
	Assets:1511-BTW_Inkopen	€119.75
	Liabilities:1600-Crediteuren	€-750.00
2009-09-15 00:00:00 Reallocate: Deb.60013 => Deb.60014 [{BD21D48F-2CA4-4ACB-A2AD-6CA134CD5B3E}]
	Assets:1300-Debiteuren	€-236.81
	Assets:1300-Debiteuren	€236.81
2009-09-15 00:00:00 Reallocate: Deb.60014 => Deb.60013 [{FDF1FD0C-461F-463E-82D5-86B45AAADFDD}]
	Assets:1300-Debiteuren	€-236.81
	Assets:1300-Debiteuren	€236.81
2009-09-15 00:00:00 f2 [{A8385D18-6217-414D-9885-26B019CAEF5A}]
	Income:8000-Omzet	€-300.00
	Assets:1300-Debiteuren	€300.00
2009-09-15 00:00:00 f3 [{88C0048C-3C30-4419-8338-EA729AF3DC84}]
	Income:8000-Omzet	€-400.00
	Assets:1300-Debiteuren	€400.00
2009-09-15 00:00:00 f1 [{CB9860B1-5272-44BE-A0D4-8B988101373D}]
	Income:8000-Omzet	€-200.00
	Assets:1300-Debiteuren	€200.00
2009-09-15 00:00:00 f1 [{B0AC41E6-0CEF-4C36-915E-16CBDE39A1FA}]
	Assets:1300-Debiteuren	€-200.00
	Assets:2600-Tussenrekening_memoriaal	€200.00
	Assets:1300-Debiteuren	€-300.00
	Assets:2600-Tussenrekening_memoriaal	€300.00
	Assets:1300-Debiteuren	€-400.00
	Assets:2600-Tussenrekening_memoriaal	€400.00
	Assets:1300-Debiteuren	€900.00
	Assets:2600-Tussenrekening_memoriaal	€-900.00
